3408 5300
1555 410 1636 471 27

631 584 810 648 Tusa.
857 583 913 647 V
963 588 1077 648 70:
1139 582 1352 648 »Haec
1415 582 1730 648 tractanti
1788 576 1999 647 animo
2063 587 2129 648 et
2188 586 2411 648 noctes
2472 587 2540 647 et
2599 581 2739 647 dies

448 694 757 775 cogitanti
823 693 1076 759 exsistit
1120 694 1236 757 illa
1281 713 1320 758 a
1380 692 1500 758 deo
1547 691 1817 774 Delphis
1875 697 2227 774 praecepta
2286 692 2609 776 cognitio,
2669 696 2743 755 ut

445 798 588 880 ipsa
636 817 706 864 se
751 816 933 863 mens
987 804 1300 883 agnoscat
1345 799 1875 879 coniunctamque
1934 817 2077 863 cum
2137 797 2350 863 divina
2409 804 2623 862 mente
2671 815 2742 862 se

448 906 707 984 sentiat,
758 925 835 972 ex
882 926 1004 988 quo
1053 906 1405 972 insatiabili
1452 906 1685 989 gaudio
1735 908 2092 988 completur
2141 926 2196 970 e.
2231 925 2290 987 q.
2326 925 2428 971 s«.

620 1045 954 1110 Postremo
1002 1064 1080 1110 ne
1125 1046 1454 1127 putaveris
1487 1063 1708 1110 vocem
1755 1044 2170 1129 »agnitionis«
2214 1043 2547 1110 monachis
2592 1044 2740 1123 illis,

447 1155 555 1237 qui
604 1155 857 1220 codices
903 1160 1158 1219 nostros
1207 1155 1729 1236 descripserunt,
1797 1155 2170 1219 inusitatius
2231 1154 2450 1220 fuisse.
2541 1151 2740 1219 Immo

446 1264 512 1329 in
559 1281 852 1328 sermone
899 1264 1278 1345 saepissime
1327 1282 1401 1329 eo
1450 1262 1817 1343 utebantur,
1867 1264 2101 1346 quippe
2148 1282 2413 1345 quorum
2459 1263 2739 1345 permul-

447 1377 584 1437 tum
630 1372 1008 1455 interesset,
1072 1377 1145 1439 ut
1188 1373 1388 1438 totius
1434 1373 1606 1437 illius
1654 1373 1929 1455 aetatis,
1978 1373 2168 1439 deum
2214 1392 2396 1438 suum
2445 1373 2739 1439 christia-

447 1501 595 1547 num
648 1482 946 1564 agnosci,
1013 1483 1115 1546 vel
1163 1482 1366 1563 magis
1411 1482 1736 1546 interdum
1782 1500 1974 1564 quam
2022 1482 2339 1565 cognosci.
2433 1483 2739 1548 Fortasse

447 1594 646 1657 etiam
690 1593 1013 1674 1115322,
1060 1590 1169 1658 ubi
1216 1592 1565 1657 traduntur
1608 1590 1838 1657 verba:
1887 1592 2102 1670 »Quae
2151 1596 2457 1657 contuens
2492 1592 2740 1658 animus

448 1701 684 1782 accipit
733 1699 814 1766 ad
863 1701 1286 1784 cognitionem
1337 1700 1673 1781 deorum«,
1733 1702 1799 1766 in
1848 1702 2195 1783 archetypo
2242 1698 2437 1765 verbo
2486 1701 2739 1785 »cogni-

448 1865 723 1930 tionem«
790 1863 953 1929 »ad«
1011 1860 1520 1946 superscriptum
1572 1863 1737 1947 fuit,
1807 1809 2343 1948 »agnitionem«,
2408 1868 2481 1928 ut
2533 1863 2741 1928 conie-

451 1972 671 2054 cturiS,
720 1992 879 2054 quas
915 1978 1397 2054 temptaverunt
1438 1972 1557 2037 viri
1604 1971 1797 2053 docti,
1848 1989 2006 2053 opus
2052 1990 2177 2037 non
2225 1971 2329 2051 sit,
2377 1971 2490 2036 sed
2540 1971 2741 2036 elimi-

444 2080 725 2147 nandum
768 2087 1020 2147 tantum
1065 2080 1225 2146 illud
1271 2080 1455 2160 »ad«;
1504 2079 1583 2146 cf.
1616 2081 1678 2145 11
1716 2083 1910 2149 1403:
1958 2080 2260 2145 »deorum
2309 2080 2732 2161 cognitionem

446 2208 734 2272 capere«.

621 2297 866 2378 Quibus
911 2298 1106 2365 rebus
1154 2299 1462 2381 expositis
1510 2318 1895 2381 quamquam
1960 2297 2219 2365 dubium
2267 2317 2388 2365 non
2437 2317 2581 2365 esse
2627 2317 2740 2380 po-

447 2413 597 2487 test,
644 2408 795 2490 quin
823 2408 1046 2473 Cicero
1096 2407 1213 2472 »ad
1251 2406 1713 2490 cognitionem«
1761 2408 2115 2489 scripserit,
2163 2415 2381 2474 tamen
2418 2407 2497 2472 ab
2531 2408 2739 2473 altera

446 2525 634 2600 parte
680 2519 1145 2603 »agnitionem«
1192 2518 1446 2583 omnino
1492 2537 1616 2582 non
1665 2518 1989 2600 quadrare
2024 2517 2456 2584 demonstrari
2502 2523 2737 2600 potest.

447 2629 612 2694 Nam
678 2628 842 2711 quod
913 2627 1071 2694 dicit
1117 2627 1408 2694 Schoem.
1471 2629 1898 2711 »agnitionem
1960 2628 2187 2693 animi«
2248 2627 2568 2694 neminem
2615 2647 2738 2696 non

447 2757 587 2803 eam
650 2756 793 2803 esse
852 2738 1269 2821 intellegere,
1339 2756 1465 2819 qua
1524 2738 1774 2801 animus
1836 2744 2257 2818 agnoscatur,
2323 2738 2554 2802 falsum
2618 2745 2738 2803 est.

445 2847 647 2910 Immo
695 2846 751 2910 si
799 2846 877 2910 de
925 2846 1283 2926 »agnitione
1331 2845 1561 2909 animi«
1609 2846 1877 2924 dicitur,
1941 2864 2196 2928 semper
2244 2847 2613 2912 Socraticae
2660 2848 2738 2911 il-

444 2955 571 3020 lius
617 2955 952 3020 doctrinae
999 2954 1448 3037 admonemur,
1496 2974 1621 3035 qua
1667 2954 1953 3037 animus,
2002 2955 2172 3036 quod
2219 2954 2431 3038 discit,
2477 2956 2735 3022 remini-

444 3065 682 3131 scendo
746 3083 1099 3149 agnoscere
1160 3064 1476 3143 traditur,
1546 3064 1624 3128 cf.
1683 3066 1865 3130 Tusa.
1914 3066 1946 3130 Ι
1993 3070 2072 3128 57
2122 3084 2176 3129 e.
2213 3085 2268 3148 q.
2304 3085 2354 3130 s.
2465 3066 2589 3131 Sed
2658 3067 2736 3131 de

446 3174 569 3240 hac
617 3194 688 3239 re
734 3176 875 3256 hoc,
919 3174 1000 3239 de
1050 3193 1172 3255 quo
1220 3192 1334 3239 nos
1382 3174 1668 3257 agimuS,
1717 3174 1857 3239 loco
1907 3174 2282 3240 Ciceronem
2328 3194 2451 3239 non
2501 3175 2735 3258 dicere,

443 3303 631 3351 nemo
678 3304 803 3350 non
850 3284 1187 3365 intellegit.
1277 3284 1517 3350 Contra
1565 3303 1689 3365 qua
1735 3283 1987 3349 ratione
2034 3284 2327 3366 quaestio
2376 3284 2456 3349 de
2502 3291 2736 3349 natura

445 3395 707 3460 deorum
756 3392 981 3458 habita
1030 3392 1112 3458 ad
1161 3393 1584 3474 cognitionem
1651 3392 1846 3458 animi
1905 3392 2041 3458 sive
2089 3392 2174 3456 ad
2221 3393 2735 3477 cognoscendum

441 3504 723 3569 animum
770 3542 851 3549 —
901 3502 1069 3584 quod
1116 3503 1273 3566 item
1315 3501 1537 3567 Cicero
1573 3501 1787 3566 dicere
1835 3501 2047 3583 potuit
2089 3538 2173 3546 —
2219 3501 2547 3582 pertineat
2594 3521 2736 3567 cur-

441 3625 562 3694 que
610 3612 695 3677 ad
743 3631 886 3677 eam
931 3611 1365 3694 pulcherrima
1411 3612 1532 3694 sit,
1581 3615 1843 3692 praeter
1888 3611 2052 3675 alios
2099 3611 2272 3676 locos
2322 3610 2502 3676 Tusc.
2550 3611 2606 3675 V
2654 3616 2734 3679 70

441 3742 493 3787 e.
527 3742 585 3805 q.
619 3741 670 3788 s.
719 3720 969 3787 docent.

615 3851 741 3918 Sed
774 3858 846 3917 ut
878 3851 961 3917 ad
995 3852 1248 3917 codices
1281 3855 1537 3917 nostros
1570 3852 1996 3917 recensendos
2038 3852 2398 3934 redeamuS,
2448 3852 2734 3919 Schoem.

439 3965 504 4026 et
551 3979 791 4040 omneS‚
841 3962 948 4042 qui
996 3960 1054 4025 ei
1102 3961 1357 4026 assensi
1401 3966 1571 4044 sunt,
1619 3960 1714 4038 si,
1781 3961 1931 4042 quid
1979 3980 2050 4026 re
2098 3980 2249 4027 vera
2294 3962 2360 4026 in
2408 3962 2735 4028 codicibus

437 4075 628 4148 esset,
673 4071 1020 4153 novissent,
1071 4071 1242 4135 haud
1289 4070 1425 4136 scio
1472 4089 1553 4136 an
1600 4070 1716 4135 »ad
1767 4071 2196 4154 agnitionem«
2259 4091 2498 4154 ponere
2545 4072 2729 4138 dubi-

434 4179 638 4243 taturi
686 4178 945 4244 fuerint.
1046 4177 1213 4243 Nam
1275 4179 1394 4245 »ad
1457 4179 1880 4260 agnitionem«
1943 4184 2190 4245 tantum
2238 4179 2502 4245 A20'M3
2546 4201 2733 4264 prae·

435 4284 620 4367 bent,
691 4306 833 4354 cum
877 4285 974 4350 Αι
1020 4292 1087 4352 et
1132 4287 1223 4351 M
1230 4287 1247 4322 ¹
1296 4288 1491 4369 (idem
1537 4288 1600 4351 in
1660 4287 1721 4352 V
1753 4286 1954 4354 fuisse
2000 4289 2344 4354 verisimile
2394 4290 2521 4374 est)
2569 4291 2727 4355 nihil

437 4397 560 4461 nisi
606 4395 1068 4478 »agnitionem«
1114 4394 1416 4462 habeant.
1490 4395 1882 4477 Scriptorem
1917 4397 2156 4463 codicis
2190 4398 2259 4462 B
2303 4399 2366 4463 in
2416 4418 2490 4464 eo
2539 4420 2729 4482 quem

436 4504 852 4571 describebat
886 4504 1051 4571 libro
1082 4505 1294 4588 ipsum
1329 4523 1578 4588 quoque
1610 4505 1770 4570 nihil
1818 4506 1939 4570 nisi
1985 4506 2443 4588 »agnitionem«
2490 4509 2729 4594 legisse

442 4620 509 4682 et
553 4615 728 4682 felici
791 4615 1163 4683 coniectura
1207 4620 1457 4682 rectum
1517 4615 1927 4700 restituisse,
1997 4616 2388 4686 credendum
2433 4637 2558 4684 non
2607 4625 2729 4704 est,
