3408 5300
1588 358 1667 422 67

653 535 850 598 8612:
902 531 971 595 P.
1005 529 1233 596 Rutilii
1283 527 1432 613 sim]
1483 530 1895 610 protulissem
1934 529 1988 596 Ο
2027 535 2085 595 et
2130 526 2449 596 simillime
2479 528 2772 614 A¹,'pru-

477 640 604 704 tilii
652 641 773 705 sim
821 638 932 719 A3,
981 641 1025 704 ii
1071 659 1229 704 corr.
1275 659 1353 703 ex
1400 639 1455 704 is
1502 643 1559 702 et
1606 639 1731 705 sim
1776 640 1848 705 in
1891 660 2022 705 ναε.

654 745 773 812 His
821 745 1131 828 exemplis
1181 745 1462 812 efficitur
1511 764 1634 812 non
1685 744 1741 812 Ο
1781 746 2038 828 quidem
2083 783 2170 793 —
2217 764 2363 812 nam
2424 748 2545 814 hoc
2608 754 2771 815 tem-

474 872 702 935 porum
747 854 918 919 'ratio
968 859 1164 935 vetat,
1234 874 1374 921 cum
1427 853 1516 919 Al
1564 862 1632 920 et
1680 852 1772 918 Α2
1817 852 2043 935 ΙΧ-Χ,
2113 853 2167 922 0
2206 856 2299 921 XI
2345 858 2587 925 saeculi
2643 859 2774 924 sint

479 999 560 1009 -
610 960 724 1028 sed
776 962 911 1028 eius
957 969 1293 1044 parentem
1337 987 1380 1045 y
1425 968 1540 1028 aut
1585 980 1662 1028 ex
1710 963 1851 1043 ipso
1900 961 2118 1028 codice
2165 968 2229 1027 A
2287 963 2566 1031 nondum
2631 984 2772 1032 cor-

479 1073 659 1135 recto
705 1074 838 1153 aut,
890 1071 1056 1152 quod
1109 1071 1242 1137 veri
1291 1071 1562 1136 similius
1608 1071 1925 1150 videatur,
1993 1090 2071 1136 ex
2133 1096 2174 1136 α
2233 1092 2358 1138 uno
2420 1074 2773 1156 eodemque

479 1183 768 1257 tempore
817 1182 1011 1260 atque
1060 1184 1123 1243 A
1169 1178 1563 1261 descriptum
1611 1196 1775 1244 esse.
1869 1178 2053 1244 Hunc
2118 1185 2334 1252 autem
2397 1182 2684 1248 codicem
2728 1205 2771 1264 γ

477 1285 822 1367 aliquando
868 1305 907 1351 a
954 1291 1320 1353 correctore
1369 1287 1583 1367 aliquo
1633 1284 1780 1368 (γῖ),
1829 1286 1999 1351 haud
2071 1285 2352 1372 indoct0‚
2414 1293 2771 1355 tractatum

478 1392 699 1473 fuisse,
749 1393 1115 1460 etiamnunc
1163 1415 1241 1460 ex
1287 1394 1582 1479 vestigiis
1630 1392 2015 1475 quibusdam
2045 1393 2477 1481 cognoscitur.
2549 1394 2767 1460 Confi:

645 1517 676 1583 1
727 1523 805 1584 26
830 1540 927 1587 20:
977 1524 1043 1585 et
1090 1519 1523 1585 continentem
1568 1520 1632 1583 in
1681 1518 1953 1606 infinito]
2008 1527 2074 1587 et
2107 1519 2614 1587 incontinentem
2672 1524 2763 1587 in·

479 1624 659 1691 finito
706 1633 796 1691 cet
843 1648 1029 1705 omn„
1080 1633 1149 1693 et
1193 1627 1696 1692 incontinentem
1743 1625 1809 1690 in
1855 1625 2103 1695 infinito
2151 1627 2221 1694 0.

654 1752 946 1834 Apparet
991 1753 1056 1817 in
1089 1753 1440 1836 archetypo
1478 1753 1621 1816 »in«
1659 1758 1811 1819 ante
1842 1751 2168 1820 »infinito«
2202 1756 2406 1838 primo
2441 1757 2766 1836 omissum,

481 1860 714 1927 deinde
761 1862 1269 1945 superscriptum
1319 1860 1398 1927 ob
1463 1880 1733 1944 eamque
1799 1880 2059 1927 causam
2123 1863 2204 1930 ab
2266 1888 2307 1928 α
2371 1870 2440 1931 et
2489 1868 2533 1949 β
2605 1866 2769 1932 falso

474 1969 613 2035 loco
662 1972 972 2038 insertum
1023 1990 1187 2038 esse.
1235 1971 1306 2055 7²
1352 1979 1568 2038 autem
1620 1971 1765 2036 »in«
1829 1979 2007 2037 recto
2049 1974 2188 2038 loco
2256 1973 2543 2056 addidit,
2604 1974 2765 2041 illud

472 2078 704 2162 falsum
754 2086 902 2146 ante
955 2082 1467 2148 »continentem«
1519 2100 1643 2146 non
1694 2080 1952 2147 delevit.

654 2212 736 2273 70
758 2229 851 2278 3.·,ε
899 2208 1076 2275 Nihil
1120 2211 1345 2278 horum
1393 2210 1583 2276 nimis
1644 2209 1927 2294 callide]
1999 2209 2106 2276 Sic
2165 2211 2510 2276 rectissime
2554 2211 2771 2279 Schoe-

480 2336 776 2396 mamiuS,
824 2318 902 2398 cf.
960 2316 1180 2398 Opusc.
1230 2315 1359 2381 III
1383 2320 1509 2380 317
1555 2322 1612 2382 et
1658 2321 1806 2399 364,
1855 2317 1977 2384 nisi
2026 2317 2259 2384 callide
2294 2315 2361 2398 0,
2408 2317 2535 2386 nisi
2580 2318 2769 2384 valde

487 2422 852 2490 ABFMP.
1115 2445 1119 2449 ·

656 2531 1074 2614 Perspicuum
1124 2537 1245 2616 est,
1290 2532 1355 2597 in
1404 2532 1755 2614 archetypo
1802 2528 2000 2596 verbo
2050 2530 2319 2597 »nimis«
2370 2523 2769 2615 superscrip-

482 2643 615 2705 tum
666 2638 865 2708 fuisse
918 2635 1080 2707 »nisi
1126 2640 1355 2708 valde«
1408 2660 1495 2708 sc.
1545 2640 1892 2725 legendum
1942 2644 2042 2706 est
2060 2638 2128 2725 ὲ),
2178 2657 2380 2723 eaque
2427 2648 2659 2722 postea
2701 2637 2766 2704 in

484 2750 745 2835 genuini
793 2750 977 2817 verbi
1023 2751 1227 2817 locum
1277 2752 1692 2818 successisse.
1787 2749 1858 2832 7²
1909 2749 2222 2816 »callide«
2287 2767 2403 2832 pro
2476 2749 2771 2829 »valde«,

481 2859 647 2939 quod
699 2861 869 2925 omni
916 2878 1108 2925 sensu
1156 2858 1441 2939 carebat,
1489 2859 1801 2937 restituit,
1853 2857 2055 2923 »nisi«
2108 2876 2231 2923 non
2278 2855 2569 2923 mutavit.

654 2986 717 3051 II
764 2991 968 3055 2610:
1037 2986 1219 3052 Unus
1268 2985 1323 3052 0
1364 2986 1541 3051 delet
1591 2984 1896 3052 »effusio«
1948 2989 2242 3068 apertum
2303 2984 2624 3067 glossema
2683 2983 2769 3049 ad

484 3092 762 3176 »liquem
817 3096 1186 3176 ascriptum.
1281 3095 1419 3160 Hoc
1481 3094 1802 3175 glossema
1864 3095 1991 3159 iam
2053 3113 2091 3159 a
2137 3090 2210 3176 2³²
2271 3091 2335 3157 in
2381 3115 2424 3174 γ
2489 3090 2768 3157 deletum

481 3200 681 3267 fuisse
727 3203 875 3267 inde
923 3201 1218 3285 efficitur,
1285 3201 1452 3284 quod
1500 3202 1555 3266 si
1603 3200 1746 3283 quis
1808 3200 1869 3263 in
1928 3198 1981 3265 Ο
2039 3199 2198 3265 illud
2262 3197 2529 3288 verbum
2595 3200 2770 3264 dele-

483 3308 719 3390 visset,
790 3312 1150 3376 certissime
1221 3310 1419 3373 etiam
1485 3308 1871 3387 »dederat«,
1952 3306 2059 3388 qui
2119 3314 2222 3374 est
2288 3313 2471 3375 error
2539 3306 2770 3373 calami

484 3413 735 3481 librarii
788 3417 841 3481 0
885 3435 1001 3499 pro
1050 3417 1432 3496 »declarat«,
1483 3417 1927 3494 emendasset;
1994 3415 2059 3479 id
2108 3422 2325 3483 autem
2374 3416 2631 3499 saepius
2676 3414 2769 3494 fit,

484 3530 556 3589 ut
614 3527 962 3610 neglegens
1028 3524 1242 3592 scriba
1300 3524 1564 3590 verbum
1623 3532 2005 3606 expunctum
2068 3526 2342 3607 primum
2412 3525 2575 3592 falso
2648 3544 2769 3591 non

487 3625 763 3712 omittat,
814 3635 1046 3700 deinde
1091 3634 1231 3716 ipse
1280 3640 1626 3718 expungat.

664 3767 899 3833 122162
952 3764 1140 3844 »Et«,
1186 3764 1357 3829 inter
1426 3771 1772 3846 »propter«
1842 3770 1909 3829 et
1971 3764 2547 3849 »magnitudinem«
2609 3766 2675 3830 in
2724 3755 2778 3829 θ’

483 3872 816 3955 insertum,
864 3872 1022 3937 nihil
1068 3873 1324 3938 videtur
1371 3891 1535 3955 esse,
1598 3874 1722 3938 nisi
1768 3873 1927 3938 illud
1975 3879 2149 3939 »est«
2199 3874 2367 3956 quod
2416 3854 2564 3957 post
2608 3874 2771 3940 »ele-

483 3980 699 4047 fanto«
762 4002 815 4047 v.
885 3988 959 4046 15
1009 4006 1050 4064 γ
1116 4001 1255 4048 cum
1319 3982 1551 4047 ceteris
1614 3982 1861 4060 omisit,
1929 3979 2001 4064 212
2064 3984 2538 4064 superscripsit.
2632 3981 2770 4060 Quo

482 4091 772 4173 neglecto
818 4095 1049 4174 postea
1099 4092 1376 4157 alterum
1422 4097 1590 4158 »est«
1638 4091 1803 4155 falso
1853 4092 1990 4157 loco
2037 4094 2491 4173 interpolatum
2539 4097 2658 4158 est.

659 4201 752 4266 III
818 4207 893 4268 41
922 4222 1014 4271 ³0:
1104 4207 1394 4268 »monte«
1459 4219 1536 4267 ex
1616 4205 2001 4283 »montem«,
2081 4201 2247 4282 quod
2317 4219 2460 4267 cum
2534 4202 2771 4267 ceteris

580 4484 680 4552 ⁴‡l)
722 4485 835 4538 Aut
875 4483 1121 4552 »valde«.
1149 4482 1588 4552 superscriptum
1612 4457 1678 4536 et
1720 4481 1949 4537 »nimis«
1981 4486 2213 4553 propter
2237 4482 2588 4551 frequentem
2628 4481 2780 4537 locu?

479 4577 691 4633 tionem
738 4578 915 4633 »nihil
956 4577 1093 4633 nisi«
1140 4579 1197 4632 in
1244 4576 1416 4633 anisi«
1459 4579 1931 4647 corruptumest.

2247 4726 2343 4792 5*
