3408 5300
1693 342 1775 403 38

584 513 738 578 mihi
785 513 1058 580 videtur.
1149 512 1398 579 Deinde
1457 511 1540 576 1⁷2
1585 531 1707 579 non
1757 512 1897 577 sine
1944 530 2138 579 causa
2187 511 2617 578 coniecturam
2666 513 2871 592 temp-

582 622 770 702 tavit,
819 641 965 686 nam
1013 620 1236 687 durius
1284 626 1404 705 est,
1451 620 1621 686 idem
1671 627 1737 686 et
1783 641 1974 687 unum
2026 638 2178 687 »se«
2229 620 2307 686 ad
2349 626 2688 704 utrumque
2735 637 2876 684 ver-

586 725 736 792 bum
768 725 1018 793 referri.
1086 727 1368 809 Accedit,
1403 728 1570 808 quod
1609 746 1721 794 »se
1756 726 2071 793 dilatare«
2108 726 2278 808 apud
2316 727 2691 793 Ciceronem
2725 744 2873 792 nus·

590 854 780 918 quam
804 836 1140 914 invenitur,
1163 837 1277 902 sed
1307 855 1560 918 semper
1582 836 1942 920 »dilatari«,
1968 835 2046 902 cf.
2082 837 2157 900 de
2181 841 2316 901 nat.
2348 836 2513 901 deor.
2544 836 2608 900 II
2648 841 2764 901 135
2784 857 2874 917 843

590 945 667 1009 de
691 946 807 1028 fin.
849 946 1160 1026 11148343
1208 946 1283 1010 de
1314 966 1441 1026 rep.
1473 946 1560 1012 IV
1594 950 1739 1024 222,
1788 945 1895 1011 ubi
1945 965 2163 1011 omnes
2211 945 2468 1011 codices
2514 964 2618 1011 »se
2665 946 2877 1030 gloria

590 1055 848 1121 dilatari
892 1056 1080 1121 velit«
1125 1054 1369 1121 habent
1414 1062 1678 1138 praeter
1734 1057 2068 1140 Remi-ns,
2125 1077 2283 1121 saec.
2338 1055 2531 1139 XII),
2604 1056 2707 1136 qui
2771 1074 2875 1121 »se

588 1163 794 1244 gloria
841 1162 1120 1228 dilatare
1167 1163 1355 1228 velit«
1401 1162 1693 1247 praebet,
1743 1164 1907 1246 quod
1938 1164 2231 1230 Halmius
2265 1163 2430 1230 falso
2478 1165 2742 1246 recepit.
2794 1202 2872 1212 —-

769 1276 887 1336 147
907 1291 997 1340 362
1046 1271 1336 1349 »Quanta
1381 1273 1652 1354 primum
1702 1273 2166 1354 intellegentia,
2217 1272 2449 1338 deinde
2484 1291 2875 1356 consequen·

592 1381 751 1445 tium
795 1398 1013 1444 rerum
1061 1399 1196 1446 cum
1245 1381 1472 1462 primis
1519 1381 1882 1453 coniunctio
1930 1388 1995 1447 et
2042 1382 2526 1463 comprehensio
2593 1387 2768 1448 esset
2813 1383 2877 1446 in

590 1487 795 1566 nobiS‚
867 1507 942 1553 ex
1014 1508 1137 1571 quo
1207 1490 1510 1556 videlicet
1557 1490 1856 1574 (ACPV,
1930 1491 2219 1557 videmus
2266 1489 2514 1574 BFM)
2581 1492 2730 1573 quid
2802 1510 2880 1556 ex

590 1591 948 1675 quibusque
1014 1593 1208 1660 rebus
1254 1594 1574 1662 efficiatur
1617 1598 1809 1679 idque
1856 1597 2108 1663 ratione
2168 1595 2517 1682 (BGFM2,
2562 1597 2880 1663 rationem

592 1702 925 1783 AM¹PV;
975 1703 1052 1785 cf.
1100 1705 1353 1776 111855
1401 1707 1650 1772 ratione
1699 1708 2006 1790 quadam]
2053 1707 2369 1773 rationem
2417 1726 2520 1790 qu.
2569 1706 2877 1786 A¹B¹V¹)

596 1812 1051 1896 concludimus,
1101 1833 1154 1879 e.
1197 1834 1253 1897 q.
1304 1834 1385 1880 s.«

770 1924 975 1988 Locus
1023 1924 1116 1990 ita
1161 1931 1234 1989 ut
1280 1925 1493 1994 editur
1540 1943 1737 1991 sanus
1783 1943 1905 1990 non
1967 1930 2108 1991 est:
2166 1943 2373 2007 neque
2436 1923 2631 1990 verba
2695 1925 2884 2008 »quid

599 2051 678 2097 ex
746 2031 1104 2113 quibusque
1174 2029 1368 2096 rebus
1452 2029 1805 2096 efficiatur«
1875 2050 1951 2095 ex
2023 2030 2527 2096 »concludimus«
2601 2031 2884 2113 pendere

595 2146 883 2223 possunt,
945 2177 1008 2188 -
1061 2160 1207 2206 nam
1257 2160 1400 2206 cum
1461 2159 1774 2223 nusquam
1844 2140 2293 2206 »concludere«
2357 2158 2496 2205 cum
2558 2140 2883 2205 sententia

595 2251 1059 2333 interrogativa
1109 2271 1145 2315 a
1195 2250 1500 2317 Cicerone
1549 2248 1979 2332 coniungitur,
2024 2253 2158 2313 tum
2192 2246 2682 2328 »concludimus,
2732 2246 2883 2328 quid

600 2361 950 2428 efficiatur«
974 2378 1240 2442 prorsus
1289 2358 1633 2425 absurdum
1670 2363 1771 2424 est
1821 2396 1899 2404 —-
1947 2377 2153 2439 neque
2178 2357 2438 2438 »idque«
2484 2350 2625 2418 »καὶ
2649 2362 2885 2419 wora«

605 2489 748 2535 esse
794 2474 1029 2551 potest.
1125 2469 1346 2532 Altero
1412 2466 1617 2550 igitur
1684 2462 1880 2530 verbo
1949 2483 2110 2547 opus
2181 2469 2309 2548 est,
2371 2464 2537 2530 unde
2607 2467 2887 2547 pendeat

600 2579 924 2648 sententia
969 2578 1083 2643 illa
1130 2574 1615 2658 interrogativa,
1666 2573 1832 2657 quod
1881 2571 2154 2655 praebet
2199 2572 2382 2639 nobis
2432 2573 2520 2658 B,
2567 2581 2638 2647 ,et
2698 2595 2885 2641 nemo

597 2692 717 2756 hoc
769 2690 906 2755 loco
953 2686 1328 2764 offenderet,
1377 2684 1500 2749 nisi
1549 2704 1587 2749 a
1634 2682 1962 2748 codicibus
1995 2683 2222 2749 classis
2256 2708 2296 2748 α
2331 2684 2487 2750 illud
2520 2685 2887 2753 »videlicet«

600 2797 783 2863 nobis
844 2795 1185 2862 offerretur
1249 2793 1802 2874 suspicionemque
1850 2797 2155 2866 moveret,
2207 2792 2405 2857 etiam
2469 2795 2886 2879 archetypum

600 2907 968 2973 »videlicet«
1011 2903 1315 2969 habuisse
1384 2908 1451 2967 et
1518 2901 1801 2967 codicem
1849 2900 1919 2964 B
1976 2902 2095 2984 (vel
2142 2904 2212 2984 β)
2278 2901 2707 2971 coniecturam
2773 2925 2885 2988 po-

603 3016 830 3082 suisse.
926 3013 1048 3079 Sed
1097 3012 1216 3077 hoc
1265 3018 1377 3076 aut
1447 3030 1522 3075 ex
1569 3010 1735 3075 falso
1785 3010 1950 3075 lecto
1997 3008 2191 3075 verbo
2256 3011 2612 3078 »videmus«
2676 3020 2884 3081 ortum

602 3141 744 3190 esse
789 3127 1025 3205 potest,
1075 3158 1153 3168 —
1207 3126 1274 3185 et
1319 3118 1711 3201 compendiis
1778 3118 2020 3199 scripta
2078 3118 2239 3184 haec
2299 3119 2497 3186 verba
2561 3122 2887 3190 simillima

602 3236 787 3297 erant
840 3268 917 3277 —
969 3235 1082 3294 aut
1130 3228 1398 3311 aliquis,
1445 3226 1552 3308 qui
1598 3226 1765 3291 hunc
1809 3225 2040 3292 librum
2088 3227 2267 3311 legit,
2316 3247 2457 3293 cum
2516 3236 2696 3296 recte
2761 3232 2885 3297 »vi-

605 3341 859 3406 demus«
905 3340 1026 3405 hoc
1076 3340 1213 3403 loco
1262 3335 1729 3421 quodammodo
1779 3335 2058 3420 δυνάμει
2106 3343 2355 3403 tantum
2419 3358 2541 3404 non
2589 3337 2889 3427 ἐνεργείᾳ

601 3450 880 3534 positum
931 3467 1073 3515 esse
1121 3447 1453 3529 sensisset,
1501 3445 1757 3511 »videre
1816 3445 2003 3511 licet«
2072 3446 2564 3531 superscripsit,
2634 3449 2799 3530 quod
2848 3474 2888 3518 α

599 3560 664 3623 in
712 3558 1098 3635 »videlicet«,
1147 3573 1311 3639 quae
1358 3554 1661 3621 usitatior
1708 3553 1767 3619 ei
1815 3560 1957 3619 erat
2002 3554 2228 3634 forma,
2277 3562 2673 3623 contractum
2708 3577 2885 3623 rece·

602 3666 718 3747 pit.
810 3666 1040 3746 Itaque
1090 3683 1253 3746 quae
1302 3663 1371 3728 B
1414 3659 1686 3745 praebet
1733 3660 2076 3727 scribenda
2123 3669 2305 3729 sunt:
2371 3683 2484 3729 »ex
2528 3684 2651 3748 quo
2713 3666 2888 3732 vide·

601 3793 762 3855 muS,
811 3775 962 3857 quid
1010 3792 1088 3839 ex
1134 3771 1489 3856 quibusque
1536 3770 1730 3837 rebus
1777 3769 2113 3852 efficiatur,
2176 3771 2368 3855 idque
2428 3774 2677 3839 ratione
2742 3794 2887 3841 con·

601 3883 970 3964 cludimus«,
1019 3889 1348 3964 »vermoge
1395 3881 1625 3948 dessen
1697 3880 1809 3945 wir
1873 3880 2097 3961 sehen,
2165 3900 2294 3947 was
2364 3881 2501 3949 sich
2571 3902 2688 3950 aus
2751 3885 2889 3968 jeg-

544 3995 553 4014 ¹
601 3992 831 4058 lichem
879 3991 1134 4076 folgern
1181 3991 1345 4056 lasst
1389 3990 1518 4055 und
1578 3990 1796 4055 dieses
1860 3988 2028 4054 dann
2091 3989 2186 4054 als
2256 3989 2581 4073 logischen
2628 3991 2889 4058 Schluss

601 4099 1075 4179 formulierem,
1121 4119 1268 4165 nam
1315 4100 1435 4164 hoc
1483 4104 1586 4164 est
1629 4097 1915 4163 »ratione
1964 4097 2410 4179 concludere«3
2460 4100 2541 4165 cf.
2573 4100 2727 4166 Luc.
2770 4106 2848 4167 26
2869 4123 2888 4169 ἐ

606 4209 1020 4292 »Argumenti
1067 4209 1410 4292 conclusio,
1458 4227 1624 4291 quae
1687 4212 1788 4273 est
1850 4225 2086 4291 graece
2152 4205 2508 4288 ἀπόδειξις,
2575 4208 2670 4275 ita
2736 4210 2890 4276 defi·

601 4317 814 4381 nitur:
861 4314 1247 4403 ratiojquae
1296 4336 1375 4382 ex·
1416 4314 1612 4381 rebus
1658 4316 1985 4397 perceptis
2032 4315 2112 4379 ad
2159 4314 2224 4379 id
2274 4315 2441 4397 quod
2498 4334 2621 4382 non
2686 4320 2891 4400 perci-

601 4421 922 4508 piebatur,
972 4424 1287 4503 adducit«,
1355 4430 1421 4489 et
1484 4424 1560 4488 de
1602 4425 1719 4505 fin.
1771 4424 1866 4488 111
1941 4428 2061 4489 27:
2136 4422 2652 4492 »concluduntur
2698 4427 2901 4513 igitur

611 4550 826 4597 eorum
875 4537 1248 4615 argumenta
1300 4531 1433 4596 sic:
1486 4529 1666 4609 Quod
1720 4534 1820 4596 est
1852 4528 2105 4609 bonum,
2157 4547 2340 4596 omne
2385 4529 2712 4598 laudabile
2758 4538 2899 4600 est:
