<?xml version="1.0" encoding="UTF-8"?>
<!DOCTYPE html PUBLIC "-//W3C//DTD XHTML 1.0 Transitional//EN"
    "http://www.w3.org/TR/xhtml1/DTD/xhtml1-transitional.dtd">
<html xmlns="http://www.w3.org/1999/xhtml" xml:lang="en" lang="en">
 <head>
  <title>
</title>
<meta http-equiv="Content-Type" content="text/html;charset=utf-8" />
  <meta name='ocr-system' content='tesseract 3.04.00' />
  <meta name='ocr-capabilities' content='ocr_page ocr_carea ocr_par ocr_line ocrx_word'/>
</head>
<body>
  <div class='ocr_page' id='page_1' title='image "./deciceronislibr02diecgoog_0025.png"; bbox 0 0 3408 5300; ppageno 0'>
   <div class='ocr_carea' id='block_1_1' title="bbox 1553 405 1650 467">
    <p class='ocr_par' dir='ltr' id='par_1_1' title="bbox 1553 405 1650 467">
     <span class='ocr_line' id='line_1_1' title="bbox 1553 405 1650 467; baseline 0.01 -1"><span class='ocrx_word' id='word_1_1' title='bbox 1553 405 1650 467; x_wconf 69' lang='lat'>&#39;25</span> 
     </span>
    </p>
   </div>
   <div class='ocr_carea' id='block_1_2' title="bbox 444 561 2804 3501">
    <p class='ocr_par' dir='ltr' id='par_1_2' title="bbox 444 561 2754 1750">
     <span class='ocr_line' id='line_1_2' title="bbox 636 561 2753 662; baseline -0.002 -18"><span class='ocrx_word' id='word_1_2' title='bbox 636 577 821 662; x_wconf 89' lang='lat' dir='ltr'><strong>Apud</strong></span> <span class='ocrx_word' id='word_1_3' title='bbox 867 574 1265 659; x_wconf 74' lang='lat' dir='ltr'>posteriores</span> <span class='ocrx_word' id='word_1_4' title='bbox 1310 577 1663 660; x_wconf 78' lang='lat' dir='ltr'>scriptores</span> <span class='ocrx_word' id='word_1_5' title='bbox 1708 575 1858 642; x_wconf 76' lang='lat' dir='ltr'>ind-e</span> <span class='ocrx_word' id='word_1_6' title='bbox 1908 573 1990 642; x_wconf 87' lang='lat' dir='ltr'>ab</span> <span class='ocrx_word' id='word_1_7' title='bbox 2040 561 2312 658; x_wconf 76' lang='lat' dir='ltr'>Augusti</span> <span class='ocrx_word' id='word_1_8' title='bbox 2357 578 2578 640; x_wconf 88' lang='lat' dir='ltr'>aetate</span> <span class='ocrx_word' id='word_1_9' title='bbox 2600 623 2617 657; x_wconf 94' lang='lat'>,</span> <span class='ocrx_word' id='word_1_10' title='bbox 2678 579 2753 640; x_wconf 91' lang='lat' dir='ltr'>ut</span> 
     </span>
     <span class='ocr_line' id='line_1_3' title="bbox 463 683 2752 771; baseline -0.003 -15"><span class='ocrx_word' id='word_1_11' title='bbox 463 695 565 756; x_wconf 88' lang='lat' dir='ltr'>est</span> <span class='ocrx_word' id='word_1_12' title='bbox 608 689 881 755; x_wconf 82' lang='lat' dir='ltr'>viventis</span> <span class='ocrx_word' id='word_1_13' title='bbox 929 692 995 753; x_wconf 94' lang='lat' dir='ltr'>et</span> <span class='ocrx_word' id='word_1_14' title='bbox 1038 686 1519 771; x_wconf 89' lang='lat' dir='ltr'>progredientis</span> <span class='ocrx_word' id='word_1_15' title='bbox 1565 687 1823 768; x_wconf 87' lang='lat' dir='ltr'>linguae</span> <span class='ocrx_word' id='word_1_16' title='bbox 1872 691 2122 762; x_wconf 88' lang='lat' dir='ltr'>natura,</span> <span class='ocrx_word' id='word_1_17' title='bbox 2168 703 2315 766; x_wconf 91' lang='lat' dir='ltr'>qua,</span> <span class='ocrx_word' id='word_1_18' title='bbox 2363 701 2506 748; x_wconf 87' lang='lat' dir='ltr'>cum</span> <span class='ocrx_word' id='word_1_19' title='bbox 2549 683 2752 748; x_wconf 85' lang='lat' dir='ltr'>usita-</span> 
     </span>
     <span class='ocr_line' id='line_1_4' title="bbox 444 790 2752 877; baseline -0.003 -14"><span class='ocrx_word' id='word_1_20' title='bbox 444 799 630 864; x_wconf 85' lang='lat' dir='ltr'>tiora</span> <span class='ocrx_word' id='word_1_21' title='bbox 675 794 875 863; x_wconf 83' lang='lat' dir='ltr'>verba</span> <span class='ocrx_word' id='word_1_22' title='bbox 921 815 1049 861; x_wconf 91' lang='lat' dir='ltr'>non</span> <span class='ocrx_word' id='word_1_23' title='bbox 1080 795 1206 861; x_wconf 87' lang='lat' dir='ltr'>iam</span> <span class='ocrx_word' id='word_1_24' title='bbox 1243 793 1538 861; x_wconf 87' lang='lat' dir='ltr'>sufficere</span> <span class='ocrx_word' id='word_1_25' title='bbox 1571 794 1932 877; x_wconf 83' lang='lat' dir='ltr'>videantur,</span> <span class='ocrx_word' id='word_1_26' title='bbox 1979 795 2109 860; x_wconf 86' lang='lat' dir='ltr'>alia</span> <span class='ocrx_word' id='word_1_27' title='bbox 2145 793 2592 874; x_wconf 85' lang='lat' dir='ltr'>longinquiora</span> <span class='ocrx_word' id='word_1_28' title='bbox 2639 790 2752 857; x_wconf 85' lang='lat' dir='ltr'>ad·-</span> 
     </span>
     <span class='ocr_line' id='line_1_5' title="bbox 444 888 2754 990; baseline -0.003 -18"><span class='ocrx_word' id='word_1_29' title='bbox 444 905 798 989; x_wconf 58' lang='lat' dir='ltr'>›hibentur‚</span> <span class='ocrx_word' id='word_1_30' title='bbox 870 923 1306 990; x_wconf 73' lang='lat' dir='ltr'>»agnoscere«</span> <span class='ocrx_word' id='word_1_31' title='bbox 1376 906 1584 986; x_wconf 85' lang='lat' dir='ltr'>magis</span> <span class='ocrx_word' id='word_1_32' title='bbox 1648 888 1982 985; x_wconf 73' lang='lat' dir='ltr'>magisque</span> <span class='ocrx_word' id='word_1_33' title='bbox 2031 905 2113 969; x_wconf 26' lang='lat' dir='ltr'>fin</span> <span class='ocrx_word' id='word_1_34' title='bbox 2179 902 2360 970; x_wconf 87' lang='lat' dir='ltr'>usum</span> <span class='ocrx_word' id='word_1_35' title='bbox 2411 903 2621 984; x_wconf 88' lang='lat' dir='ltr'>venit,</span> <span class='ocrx_word' id='word_1_36' title='bbox 2681 907 2754 967; x_wconf 89' lang='lat' dir='ltr'>ut</span> 
     </span>
     <span class='ocr_line' id='line_1_6' title="bbox 458 1011 2752 1098; baseline -0.002 -16"><span class='ocrx_word' id='word_1_37' title='bbox 458 1020 788 1098; x_wconf 90' lang='lat' dir='ltr'>postremo</span> <span class='ocrx_word' id='word_1_38' title='bbox 835 1035 874 1080; x_wconf 88' lang='lat' dir='ltr'>a</span> <span class='ocrx_word' id='word_1_39' title='bbox 919 1032 1389 1095; x_wconf 75' lang='lat' dir='ltr'>›cognoscere‹</span> <span class='ocrx_word' id='word_1_40' title='bbox 1421 1013 1527 1078; x_wconf 83' lang='lat' dir='ltr'>vix</span> <span class='ocrx_word' id='word_1_41' title='bbox 1558 1013 2018 1078; x_wconf 88' lang='lat' dir='ltr'>dicerneretur.</span> <span class='ocrx_word' id='word_1_42' title='bbox 2087 1014 2316 1095; x_wconf 87' lang='lat' dir='ltr'>Itaque</span> <span class='ocrx_word' id='word_1_43' title='bbox 2345 1011 2589 1078; x_wconf 85' lang='lat' dir='ltr'>factum</span> <span class='ocrx_word' id='word_1_44' title='bbox 2630 1016 2752 1091; x_wconf 88' lang='lat' dir='ltr'>est,</span> 
     </span>
     <span class='ocr_line' id='line_1_7' title="bbox 458 1119 2752 1205; baseline -0.003 -15"><span class='ocrx_word' id='word_1_45' title='bbox 458 1131 530 1190; x_wconf 94' lang='lat' dir='ltr'>ut</span> <span class='ocrx_word' id='word_1_46' title='bbox 577 1124 832 1191; x_wconf 89' lang='lat' dir='ltr'>codices</span> <span class='ocrx_word' id='word_1_47' title='bbox 876 1124 1116 1205; x_wconf 79' lang='lat' dir='ltr'>nostri,</span> <span class='ocrx_word' id='word_1_48' title='bbox 1184 1141 1325 1189; x_wconf 94' lang='lat' dir='ltr'>cum</span> <span class='ocrx_word' id='word_1_49' title='bbox 1372 1122 1566 1187; x_wconf 85' lang='lat' dir='ltr'>etiam</span> <span class='ocrx_word' id='word_1_50' title='bbox 1616 1121 1879 1187; x_wconf 80' lang='lat' dir='ltr'>litterae</span> <span class='ocrx_word' id='word_1_51' title='bbox 1926 1140 2122 1202; x_wconf 72' lang='lat' dir='ltr'>»agn«</span> <span class='ocrx_word' id='word_1_52' title='bbox 2173 1126 2241 1185; x_wconf 92' lang='lat' dir='ltr'>et</span> <span class='ocrx_word' id='word_1_53' title='bbox 2284 1139 2518 1204; x_wconf 70' lang='lat' dir='ltr'>»cogn«</span> <span class='ocrx_word' id='word_1_54' title='bbox 2562 1119 2752 1185; x_wconf 85' lang='lat' dir='ltr'>facile</span> 
     </span>
     <span class='ocr_line' id='line_1_8' title="bbox 458 1225 2750 1310; baseline -0.003 -13"><span class='ocrx_word' id='word_1_55' title='bbox 458 1230 1021 1309; x_wconf 82' lang='lat' dir='ltr'>confunderentur,</span> <span class='ocrx_word' id='word_1_56' title='bbox 1069 1229 1329 1310; x_wconf 82' lang='lat' dir='ltr'>saepius</span> <span class='ocrx_word' id='word_1_57' title='bbox 1375 1232 1716 1309; x_wconf 88' lang='lat' dir='ltr'>utrumque</span> <span class='ocrx_word' id='word_1_58' title='bbox 1762 1226 2139 1309; x_wconf 88' lang='lat' dir='ltr'>praebeant.</span> <span class='ocrx_word' id='word_1_59' title='bbox 2219 1227 2341 1292; x_wconf 92' lang='lat' dir='ltr'>Hic</span> <span class='ocrx_word' id='word_1_60' title='bbox 2388 1227 2550 1292; x_wconf 91' lang='lat' dir='ltr'>duos</span> <span class='ocrx_word' id='word_1_61' title='bbox 2597 1225 2750 1292; x_wconf 63' lang='lat' dir='ltr'>affe,-</span> 
     </span>
     <span class='ocr_line' id='line_1_9' title="bbox 458 1335 2751 1422; baseline -0.002 -18"><span class='ocrx_word' id='word_1_62' title='bbox 458 1359 597 1406; x_wconf 88' lang='lat' dir='ltr'>ram</span> <span class='ocrx_word' id='word_1_63' title='bbox 642 1340 838 1416; x_wconf 82' lang='lat' dir='ltr'>locos,</span> <span class='ocrx_word' id='word_1_64' title='bbox 888 1337 1117 1422; x_wconf 90' lang='lat' dir='ltr'>quibus</span> <span class='ocrx_word' id='word_1_65' title='bbox 1165 1338 1317 1420; x_wconf 91' lang='lat' dir='ltr'>quid</span> <span class='ocrx_word' id='word_1_66' title='bbox 1366 1335 1925 1420; x_wconf 83' lang='lat' dir='ltr'>scribendum-sit,</span> <span class='ocrx_word' id='word_1_67' title='bbox 1974 1337 2312 1403; x_wconf 86' lang='lat' dir='ltr'>diiudicari</span> <span class='ocrx_word' id='word_1_68' title='bbox 2359 1353 2550 1417; x_wconf 91' lang='lat' dir='ltr'>posse</span> <span class='ocrx_word' id='word_1_69' title='bbox 2597 1336 2751 1401; x_wconf 91' lang='lat' dir='ltr'>mihi</span> 
     </span>
     <span class='ocr_line' id='line_1_10' title="bbox 457 1444 2751 1531; baseline -0.002 -17"><span class='ocrx_word' id='word_1_70' title='bbox 457 1449 751 1516; x_wconf 86' lang='lat' dir='ltr'>videtur:</span> <span class='ocrx_word' id='word_1_71' title='bbox 797 1448 875 1512; x_wconf 80' lang='lat' dir='ltr'>de</span> <span class='ocrx_word' id='word_1_72' title='bbox 925 1447 1082 1531; x_wconf 74' lang='lat' dir='ltr'>leqy.</span> <span class='ocrx_word' id='word_1_73' title='bbox 1127 1449 1158 1512; x_wconf 96' lang='lat' dir='ltr'>I</span> <span class='ocrx_word' id='word_1_74' title='bbox 1193 1452 1307 1512; x_wconf 84' lang='lat'>25:</span> <span class='ocrx_word' id='word_1_75' title='bbox 1361 1466 1478 1513; x_wconf 81' lang='lat' dir='ltr'>»ex</span> <span class='ocrx_word' id='word_1_76' title='bbox 1524 1465 1647 1528; x_wconf 91' lang='lat' dir='ltr'>quo</span> <span class='ocrx_word' id='word_1_77' title='bbox 1679 1444 1958 1512; x_wconf 88' lang='lat' dir='ltr'>efficitur</span> <span class='ocrx_word' id='word_1_78' title='bbox 1987 1447 2168 1525; x_wconf 90' lang='lat' dir='ltr'>illud,</span> <span class='ocrx_word' id='word_1_79' title='bbox 2216 1451 2288 1511; x_wconf 92' lang='lat' dir='ltr'>ut</span> <span class='ocrx_word' id='word_1_80' title='bbox 2332 1446 2390 1512; x_wconf 92' lang='lat' dir='ltr'>is</span> <span class='ocrx_word' id='word_1_81' title='bbox 2436 1448 2751 1531; x_wconf 87' lang='lat' dir='ltr'>agnoscat</span> 
     </span>
     <span class='ocr_line' id='line_1_11' title="bbox 460 1538 2754 1643; baseline -0.002 -19"><span class='ocrx_word' id='word_1_82' title='bbox 460 1559 558 1642; x_wconf 89' lang='lat' dir='ltr'>(ut</span> <span class='ocrx_word' id='word_1_83' title='bbox 601 1559 903 1643; x_wconf 83' lang='lat' dir='ltr'>ignoscat</span> <span class='ocrx_word' id='word_1_84' title='bbox 951 1555 1030 1643; x_wconf 82' lang='grc' dir='ltr'>Ο)</span> <span class='ocrx_word' id='word_1_85' title='bbox 1079 1558 1303 1636; x_wconf 90' lang='lat' dir='ltr'>deum,</span> <span class='ocrx_word' id='word_1_86' title='bbox 1332 1630 1346 1634; x_wconf 22' lang='lat'>,-</span> <span class='ocrx_word' id='word_1_87' title='bbox 1364 1557 1473 1640; x_wconf 91' lang='lat' dir='ltr'>qui</span> <span class='ocrx_word' id='word_1_88' title='bbox 1518 1555 1686 1622; x_wconf 90' lang='lat' dir='ltr'>unde</span> <span class='ocrx_word' id='word_1_89' title='bbox 1736 1561 1916 1622; x_wconf 88' lang='lat' dir='ltr'>ortus</span> <span class='ocrx_word' id='word_1_90' title='bbox 1961 1557 2080 1639; x_wconf 88' lang='lat' dir='ltr'>sit,</span> <span class='ocrx_word' id='word_1_91' title='bbox 2147 1538 2329 1638; x_wconf 86' lang='lat' dir='ltr'>quasi</span> <span class='ocrx_word' id='word_1_92' title='bbox 2361 1556 2754 1622; x_wconf 85' lang='lat' dir='ltr'>recordetur</span> 
     </span>
     <span class='ocr_line' id='line_1_12' title="bbox 460 1663 2083 1750; baseline -0.003 -18"><span class='ocrx_word' id='word_1_93' title='bbox 460 1672 770 1750; x_wconf 87' lang='lat' dir='ltr'>agnoscat</span> <span class='ocrx_word' id='word_1_94' title='bbox 813 1664 1003 1749; x_wconf 76' lang='lat' dir='ltr'>AB2,</span> <span class='ocrx_word' id='word_1_95' title='bbox 1049 1665 1433 1733; x_wconf 87' lang='lat' dir='ltr'>recordetur</span> <span class='ocrx_word' id='word_1_96' title='bbox 1477 1671 1826 1747; x_wconf 89' lang='lat' dir='ltr'>cognoscat</span> <span class='ocrx_word' id='word_1_97' title='bbox 1872 1663 2083 1730; x_wconf 69' lang='lat'><strong><em>13¹0.-</em></strong></span> 
     </span>
    </p>

    <p class='ocr_par' dir='ltr' id='par_1_3' title="bbox 456 1773 2753 2719">
     <span class='ocr_line' id='line_1_13' title="bbox 631 1773 2752 1853; baseline 0 -12"><span class='ocrx_word' id='word_1_98' title='bbox 631 1776 770 1842; x_wconf 93' lang='lat' dir='ltr'>Hoc</span> <span class='ocrx_word' id='word_1_99' title='bbox 817 1779 1100 1853; x_wconf 88' lang='lat' dir='ltr'>constat,</span> <span class='ocrx_word' id='word_1_100' title='bbox 1168 1775 1225 1841; x_wconf 91' lang='lat' dir='ltr'>si</span> <span class='ocrx_word' id='word_1_101' title='bbox 1270 1793 1416 1841; x_wconf 86' lang='lat' dir='ltr'>cum</span> <span class='ocrx_word' id='word_1_102' title='bbox 1468 1775 1924 1841; x_wconf 75' lang='lat' dir='ltr'>»recordetur«</span> <span class='ocrx_word' id='word_1_103' title='bbox 1978 1774 2251 1841; x_wconf 91' lang='lat' dir='ltr'>alterum</span> <span class='ocrx_word' id='word_1_104' title='bbox 2298 1773 2564 1841; x_wconf 91' lang='lat' dir='ltr'>verbum</span> <span class='ocrx_word' id='word_1_105' title='bbox 2610 1793 2752 1842; x_wconf 54' lang='lat' dir='ltr'>cone</span> 
     </span>
     <span class='ocr_line' id='line_1_14' title="bbox 458 1883 2751 1969; baseline 0 -20"><span class='ocrx_word' id='word_1_106' title='bbox 458 1884 787 1969; x_wconf 89' lang='lat' dir='ltr'>iungatur,</span> <span class='ocrx_word' id='word_1_107' title='bbox 821 1884 1007 1966; x_wconf 88' lang='lat' dir='ltr'>longe</span> <span class='ocrx_word' id='word_1_108' title='bbox 1040 1883 1534 1966; x_wconf 82' lang='lat' dir='ltr'>praeferendum</span> <span class='ocrx_word' id='word_1_109' title='bbox 1568 1902 1711 1949; x_wconf 88' lang='lat' dir='ltr'>esse</span> <span class='ocrx_word' id='word_1_110' title='bbox 1748 1890 2134 1964; x_wconf 72' lang='lat' dir='ltr'>»agnoscat«</span> <span class='ocrx_word' id='word_1_111' title='bbox 2171 1903 2296 1949; x_wconf 92' lang='lat' dir='ltr'>non</span> <span class='ocrx_word' id='word_1_112' title='bbox 2326 1890 2751 1966; x_wconf 75' lang='lat' dir='ltr'>»cognoscat«</span> 
     </span>
     <span class='ocr_line' id='line_1_15' title="bbox 458 1992 2752 2077; baseline 0 -18"><span class='ocrx_word' id='word_1_113' title='bbox 458 1994 578 2072; x_wconf 88' lang='lat' dir='ltr'>vel,</span> <span class='ocrx_word' id='word_1_114' title='bbox 628 1994 800 2076; x_wconf 91' lang='lat' dir='ltr'>quod</span> <span class='ocrx_word' id='word_1_115' title='bbox 847 1993 1324 2060; x_wconf 85' lang='lat' dir='ltr'>Schoemannus</span> <span class='ocrx_word' id='word_1_116' title='bbox 1371 1993 1678 2075; x_wconf 88' lang='lat' dir='ltr'>coniecit,</span> <span class='ocrx_word' id='word_1_117' title='bbox 1749 2013 1865 2059; x_wconf 79' lang='lat' dir='ltr'>»ac</span> <span class='ocrx_word' id='word_1_118' title='bbox 1915 1999 2218 2077; x_wconf 70' lang='lat' dir='ltr'>noscat«,</span> <span class='ocrx_word' id='word_1_119' title='bbox 2282 1992 2399 2060; x_wconf 89' lang='lat' dir='ltr'>sed</span> <span class='ocrx_word' id='word_1_120' title='bbox 2445 1994 2603 2059; x_wconf 87' lang='lat' dir='ltr'>mihi</span> <span class='ocrx_word' id='word_1_121' title='bbox 2649 1994 2752 2060; x_wconf 88' lang='lat' dir='ltr'>hic</span> 
     </span>
     <span class='ocr_line' id='line_1_16' title="bbox 456 2088 2753 2187; baseline 0 -18"><span class='ocrx_word' id='word_1_122' title='bbox 456 2103 638 2170; x_wconf 86' lang='lat' dir='ltr'>varia</span> <span class='ocrx_word' id='word_1_123' title='bbox 682 2088 876 2168; x_wconf 85' lang='lat' dir='ltr'>lectio</span> <span class='ocrx_word' id='word_1_124' title='bbox 921 2109 1347 2185; x_wconf 75' lang='lat' dir='ltr'>»cognoscat«</span> <span class='ocrx_word' id='word_1_125' title='bbox 1399 2102 1482 2168; x_wconf 89' lang='lat' dir='ltr'>ad</span> <span class='ocrx_word' id='word_1_126' title='bbox 1529 2103 1925 2169; x_wconf 88' lang='lat' dir='ltr'>antecedens</span> <span class='ocrx_word' id='word_1_127' title='bbox 1977 2107 2368 2187; x_wconf 79' lang='lat' dir='ltr'>»agnoscat«</span> <span class='ocrx_word' id='word_1_128' title='bbox 2421 2103 2753 2187; x_wconf 86' lang='lat' dir='ltr'>adscripta</span> 
     </span>
     <span class='ocr_line' id='line_1_17' title="bbox 458 2211 2752 2295; baseline 0 -17"><span class='ocrx_word' id='word_1_129' title='bbox 458 2213 712 2278; x_wconf 89' lang='lat' dir='ltr'>videtur</span> <span class='ocrx_word' id='word_1_130' title='bbox 756 2212 978 2290; x_wconf 86' lang='lat' dir='ltr'>fuisse,</span> <span class='ocrx_word' id='word_1_131' title='bbox 1026 2230 1216 2293; x_wconf 90' lang='lat' dir='ltr'>quam</span> <span class='ocrx_word' id='word_1_132' title='bbox 1263 2212 1426 2278; x_wconf 84' lang='lat' dir='ltr'>falso</span> <span class='ocrx_word' id='word_1_133' title='bbox 1460 2213 1631 2277; x_wconf 89' lang='lat' dir='ltr'>inter</span> <span class='ocrx_word' id='word_1_134' title='bbox 1663 2212 1993 2278; x_wconf 87' lang='lat' dir='ltr'>Ciceronis</span> <span class='ocrx_word' id='word_1_135' title='bbox 2036 2211 2236 2278; x_wconf 88' lang='lat' dir='ltr'>verba</span> <span class='ocrx_word' id='word_1_136' title='bbox 2278 2218 2611 2295; x_wconf 85' lang='lat' dir='ltr'>receptam</span> <span class='ocrx_word' id='word_1_137' title='bbox 2657 2213 2752 2278; x_wconf 88' lang='lat' dir='ltr'>B¹</span> 
     </span>
     <span class='ocr_line' id='line_1_18' title="bbox 456 2310 2753 2406; baseline 0.003 -24"><span class='ocrx_word' id='word_1_138' title='bbox 456 2327 530 2388; x_wconf 87' lang='lat' dir='ltr'>et</span> <span class='ocrx_word' id='word_1_139' title='bbox 577 2321 632 2389; x_wconf 81' lang='grc' dir='ltr'><em>Ο</em></span> <span class='ocrx_word' id='word_1_140' title='bbox 686 2327 1141 2405; x_wconf 84' lang='lat' dir='ltr'>servaverunt,</span> <span class='ocrx_word' id='word_1_141' title='bbox 1202 2321 1269 2387; x_wconf 82' lang='lat' dir='ltr'><strong><em>A</em></strong></span> <span class='ocrx_word' id='word_1_142' title='bbox 1314 2318 1507 2404; x_wconf 88' lang='lat' dir='ltr'>paulo</span> <span class='ocrx_word' id='word_1_143' title='bbox 1572 2310 2016 2388; x_wconf 84' lang='lat' dir='ltr'>antecedentis</span> <span class='ocrx_word' id='word_1_144' title='bbox 2074 2342 2317 2388; x_wconf 90' lang='lat' dir='ltr'>memor</span> <span class='ocrx_word' id='word_1_145' title='bbox 2374 2323 2438 2388; x_wconf 93' lang='lat' dir='ltr'>in</span> <span class='ocrx_word' id='word_1_146' title='bbox 2505 2341 2753 2406; x_wconf 78' lang='lat' dir='ltr'>»agno-</span> 
     </span>
     <span class='ocr_line' id='line_1_19' title="bbox 460 2429 2753 2516; baseline 0.001 -18"><span class='ocrx_word' id='word_1_147' title='bbox 460 2439 640 2499; x_wconf 71' lang='lat' dir='ltr'>scat«</span> <span class='ocrx_word' id='word_1_148' title='bbox 693 2432 1000 2512; x_wconf 82' lang='lat' dir='ltr'>mutavit3</span> <span class='ocrx_word' id='word_1_149' title='bbox 1048 2430 1385 2514; x_wconf 88' lang='lat' dir='ltr'>probabile</span> <span class='ocrx_word' id='word_1_150' title='bbox 1428 2433 1550 2497; x_wconf 89' lang='lat' dir='ltr'>hoc</span> <span class='ocrx_word' id='word_1_151' title='bbox 1597 2429 1687 2508; x_wconf 89' lang='lat' dir='ltr'>fit,</span> <span class='ocrx_word' id='word_1_152' title='bbox 1737 2432 1905 2514; x_wconf 89' lang='lat' dir='ltr'>quod</span> <span class='ocrx_word' id='word_1_153' title='bbox 1951 2433 2148 2498; x_wconf 87' lang='lat' dir='ltr'>etiam</span> <span class='ocrx_word' id='word_1_154' title='bbox 2193 2432 2598 2512; x_wconf 78' lang='lat' dir='ltr'>LactantiuS,</span> <span class='ocrx_word' id='word_1_155' title='bbox 2645 2435 2753 2516; x_wconf 91' lang='lat' dir='ltr'>qui</span> 
     </span>
     <span class='ocr_line' id='line_1_20' title="bbox 466 2541 2752 2621; baseline -0 -12"><span class='ocrx_word' id='word_1_156' title='bbox 466 2543 793 2609; x_wconf 88' lang='lat' dir='ltr'>Ciceronis</span> <span class='ocrx_word' id='word_1_157' title='bbox 838 2542 1046 2608; x_wconf 89' lang='lat' dir='ltr'>locum</span> <span class='ocrx_word' id='word_1_158' title='bbox 1095 2542 1256 2608; x_wconf 89' lang='lat' dir='ltr'>citat</span> <span class='ocrx_word' id='word_1_159' title='bbox 1297 2544 1456 2608; x_wconf 87' lang='lat' dir='ltr'>Inst.</span> <span class='ocrx_word' id='word_1_160' title='bbox 1507 2541 1632 2606; x_wconf 76' lang='lat' dir='ltr'>div,</span> <span class='ocrx_word' id='word_1_161' title='bbox 1680 2543 1777 2606; x_wconf 94' lang='lat' dir='ltr'>III</span> <span class='ocrx_word' id='word_1_162' title='bbox 1830 2547 1944 2611; x_wconf 69' lang='lat'>10⁷</span> <span class='ocrx_word' id='word_1_163' title='bbox 1999 2547 2250 2608; x_wconf 84' lang='lat' dir='ltr'>tantum</span> <span class='ocrx_word' id='word_1_164' title='bbox 2295 2543 2752 2621; x_wconf 50' lang='lat' dir='ltr'>»recordetur«,</span> 
     </span>
     <span class='ocr_line' id='line_1_21' title="bbox 462 2650 680 2719; baseline 0.009 -2"><span class='ocrx_word' id='word_1_165' title='bbox 462 2650 680 2719; x_wconf 88' lang='lat' dir='ltr'>habet.</span> 
     </span>
    </p>

    <p class='ocr_par' dir='ltr' id='par_1_4' title="bbox 459 2761 2754 3064">
     <span class='ocr_line' id='line_1_22' title="bbox 634 2761 2754 2843; baseline 0.001 -16"><span class='ocrx_word' id='word_1_166' title='bbox 634 2761 820 2827; x_wconf 85' lang='lat' dir='ltr'>Alter</span> <span class='ocrx_word' id='word_1_167' title='bbox 882 2761 1062 2828; x_wconf 91' lang='lat' dir='ltr'>locus</span> <span class='ocrx_word' id='word_1_168' title='bbox 1128 2766 1229 2827; x_wconf 90' lang='lat' dir='ltr'>est</span> <span class='ocrx_word' id='word_1_169' title='bbox 1288 2761 1362 2827; x_wconf 85' lang='lat' dir='ltr'>de</span> <span class='ocrx_word' id='word_1_170' title='bbox 1406 2782 1536 2843; x_wconf 74' lang='lat' dir='ltr'>rep.</span> <span class='ocrx_word' id='word_1_171' title='bbox 1584 2762 1646 2826; x_wconf 93' lang='lat' dir='ltr'>II</span> <span class='ocrx_word' id='word_1_172' title='bbox 1694 2768 1810 2827; x_wconf 84' lang='lat'>45:</span> <span class='ocrx_word' id='word_1_173' title='bbox 1882 2762 2042 2827; x_wconf 77' lang='lat' dir='ltr'>»Hic</span> <span class='ocrx_word' id='word_1_174' title='bbox 2106 2762 2214 2827; x_wconf 93' lang='lat' dir='ltr'>ille</span> <span class='ocrx_word' id='word_1_175' title='bbox 2276 2764 2401 2828; x_wconf 88' lang='lat' dir='ltr'>iam</span> <span class='ocrx_word' id='word_1_176' title='bbox 2464 2769 2754 2829; x_wconf 88' lang='lat' dir='ltr'>vertetur</span> 
     </span>
     <span class='ocr_line' id='line_1_23' title="bbox 460 2869 2754 2955; baseline 0.001 -20"><span class='ocrx_word' id='word_1_177' title='bbox 460 2869 672 2954; x_wconf 90' lang='lat' dir='ltr'>orbis,</span> <span class='ocrx_word' id='word_1_178' title='bbox 743 2872 923 2938; x_wconf 91' lang='lat' dir='ltr'>cuius</span> <span class='ocrx_word' id='word_1_179' title='bbox 986 2872 1347 2936; x_wconf 87' lang='lat' dir='ltr'>naturalem</span> <span class='ocrx_word' id='word_1_180' title='bbox 1407 2876 1651 2937; x_wconf 91' lang='lat' dir='ltr'>motum</span> <span class='ocrx_word' id='word_1_181' title='bbox 1698 2876 1891 2953; x_wconf 88' lang='lat' dir='ltr'>atque</span> <span class='ocrx_word' id='word_1_182' title='bbox 1938 2872 2272 2937; x_wconf 90' lang='lat' dir='ltr'>circuitum</span> <span class='ocrx_word' id='word_1_183' title='bbox 2321 2892 2359 2937; x_wconf 90' lang='lat' dir='ltr'>a</span> <span class='ocrx_word' id='word_1_184' title='bbox 2406 2872 2611 2955; x_wconf 87' lang='lat' dir='ltr'>primo</span> <span class='ocrx_word' id='word_1_185' title='bbox 2659 2873 2754 2939; x_wconf 92' lang='lat' dir='ltr'>di-</span> 
     </span>
     <span class='ocr_line' id='line_1_24' title="bbox 459 2961 1304 3064; baseline -0.009 -17"><span class='ocrx_word' id='word_1_186' title='bbox 459 2981 622 3047; x_wconf 85' lang='lat' dir='ltr'>scite</span> <span class='ocrx_word' id='word_1_187' title='bbox 668 2980 816 3064; x_wconf 90' lang='lat' dir='ltr'>adq.</span> <span class='ocrx_word' id='word_1_188' title='bbox 865 2961 1304 3063; x_wconf 76' lang='lat' dir='ltr'>cognoscere«</span> 
     </span>
    </p>

    <p class='ocr_par' dir='ltr' id='par_1_5' title="bbox 459 3090 2804 3501">
     <span class='ocr_line' id='line_1_25' title="bbox 633 3090 2753 3172; baseline 0.002 -17"><span class='ocrx_word' id='word_1_189' title='bbox 633 3091 812 3157; x_wconf 88' lang='lat' dir='ltr'>Haec</span> <span class='ocrx_word' id='word_1_190' title='bbox 846 3091 1104 3156; x_wconf 38' lang='lat' dir='ltr'>*tradita</span> <span class='ocrx_word' id='word_1_191' title='bbox 1148 3095 1298 3156; x_wconf 90' lang='lat' dir='ltr'>sunt</span> <span class='ocrx_word' id='word_1_192' title='bbox 1356 3090 1422 3155; x_wconf 91' lang='lat' dir='ltr'>in</span> <span class='ocrx_word' id='word_1_193' title='bbox 1468 3090 1892 3172; x_wconf 89' lang='lat' dir='ltr'>palimpsesto</span> <span class='ocrx_word' id='word_1_194' title='bbox 1937 3090 2287 3169; x_wconf 83' lang='lat' dir='ltr'>VaticanO,</span> <span class='ocrx_word' id='word_1_195' title='bbox 2349 3090 2465 3158; x_wconf 90' lang='lat' dir='ltr'>sed</span> <span class='ocrx_word' id='word_1_196' title='bbox 2511 3092 2753 3159; x_wconf 83' lang='lat' dir='ltr'>litteris</span> 
     </span>
     <span class='ocr_line' id='line_1_26' title="bbox 465 3200 2755 3283; baseline 0.003 -20"><span class='ocrx_word' id='word_1_197' title='bbox 465 3201 652 3283; x_wconf 71' lang='lat' dir='ltr'>»adq</span> <span class='ocrx_word' id='word_1_198' title='bbox 699 3219 805 3266; x_wconf 89' lang='lat' dir='ltr'>co«</span> <span class='ocrx_word' id='word_1_199' title='bbox 863 3205 1090 3283; x_wconf 90' lang='lat' dir='ltr'>postea</span> <span class='ocrx_word' id='word_1_200' title='bbox 1153 3200 1405 3266; x_wconf 77' lang='lat' dir='ltr'>deletis,</span> <span class='ocrx_word' id='word_1_201' title='bbox 1514 3200 1816 3267; x_wconf 78' lang='lat' dir='ltr'>»Discite</span> <span class='ocrx_word' id='word_1_202' title='bbox 1875 3219 2274 3283; x_wconf 77' lang='lat' dir='ltr'>agnoscere«</span> <span class='ocrx_word' id='word_1_203' title='bbox 2341 3202 2567 3269; x_wconf 90' lang='lat' dir='ltr'>Cicero</span> <span class='ocrx_word' id='word_1_204' title='bbox 2629 3223 2755 3269; x_wconf 92' lang='lat' dir='ltr'>non</span> 
     </span>
     <span class='ocr_line' id='line_1_27' title="bbox 459 3301 2804 3392; baseline 0.001 -18"><span class='ocrx_word' id='word_1_205' title='bbox 459 3308 742 3390; x_wconf 86' lang='lat' dir='ltr'>scripsit,</span> <span class='ocrx_word' id='word_1_206' title='bbox 782 3327 932 3374; x_wconf 89' lang='lat' dir='ltr'>nam</span> <span class='ocrx_word' id='word_1_207' title='bbox 975 3307 1135 3374; x_wconf 89' lang='lat' dir='ltr'>haec</span> <span class='ocrx_word' id='word_1_208' title='bbox 1180 3309 1402 3391; x_wconf 88' lang='lat' dir='ltr'>inepta</span> <span class='ocrx_word' id='word_1_209' title='bbox 1446 3314 1617 3375; x_wconf 88' lang='lat' dir='ltr'>sunt.</span> <span class='ocrx_word' id='word_1_210' title='bbox 1710 3308 1951 3374; x_wconf 87' lang='lat' dir='ltr'>Contra</span> <span class='ocrx_word' id='word_1_211' title='bbox 1998 3309 2151 3392; x_wconf 88' lang='lat' dir='ltr'>quid</span> <span class='ocrx_word' id='word_1_212' title='bbox 2196 3310 2552 3392; x_wconf 87' lang='lat' dir='ltr'>scripserit,</span> <span class='ocrx_word' id='word_1_213' title='bbox 2597 3312 2754 3378; x_wconf 91' lang='lat' dir='ltr'>mihi</span> <span class='ocrx_word' id='word_1_214' title='bbox 2794 3301 2804 3315; x_wconf 80' lang='lat'><strong>&#39;</strong></span> 
     </span>
     <span class='ocr_line' id='line_1_28' title="bbox 460 3418 2752 3501; baseline 0.001 -16"><span class='ocrx_word' id='word_1_215' title='bbox 460 3418 717 3501; x_wconf 91' lang='lat' dir='ltr'>quidem</span> <span class='ocrx_word' id='word_1_216' title='bbox 761 3418 893 3482; x_wconf 85' lang='lat' dir='ltr'>iam</span> <span class='ocrx_word' id='word_1_217' title='bbox 918 3418 1058 3483; x_wconf 92' lang='lat' dir='ltr'>Nic.</span> <span class='ocrx_word' id='word_1_218' title='bbox 1085 3418 1295 3485; x_wconf 89' lang='lat' dir='ltr'>Maius</span> <span class='ocrx_word' id='word_1_219' title='bbox 1340 3423 1519 3484; x_wconf 87' lang='lat' dir='ltr'>recte</span> <span class='ocrx_word' id='word_1_220' title='bbox 1566 3418 1946 3501; x_wconf 89' lang='lat' dir='ltr'>cognovisse</span> <span class='ocrx_word' id='word_1_221' title='bbox 1994 3418 2281 3485; x_wconf 87' lang='lat' dir='ltr'>videtur:</span> <span class='ocrx_word' id='word_1_222' title='bbox 2333 3419 2605 3486; x_wconf 70' lang='lat' dir='ltr'>»discite</span> <span class='ocrx_word' id='word_1_223' title='bbox 2653 3428 2752 3487; x_wconf 89' lang='lat' dir='ltr'>at-</span> 
     </span>
    </p>
   </div>
   <div class='ocr_carea' id='block_1_3' title="bbox 460 3527 2751 3716">
    <p class='ocr_par' dir='ltr' id='par_1_6' title="bbox 460 3527 2751 3716">
     <span class='ocr_line' id='line_1_29' title="bbox 460 3527 2751 3611; baseline 0.002 -18"><span class='ocrx_word' id='word_1_224' title='bbox 460 3547 581 3609; x_wconf 92' lang='lat' dir='ltr'>que</span> <span class='ocrx_word' id='word_1_225' title='bbox 628 3527 1063 3610; x_wconf 89' lang='lat' dir='ltr'>cognoscite«,</span> <span class='ocrx_word' id='word_1_226' title='bbox 1107 3547 1258 3593; x_wconf 88' lang='lat' dir='ltr'>nam</span> <span class='ocrx_word' id='word_1_227' title='bbox 1304 3528 1463 3594; x_wconf 87' lang='lat' dir='ltr'>haec</span> <span class='ocrx_word' id='word_1_228' title='bbox 1511 3533 1577 3593; x_wconf 91' lang='lat' dir='ltr'>et</span> <span class='ocrx_word' id='word_1_229' title='bbox 1621 3528 1781 3593; x_wconf 88' lang='lat' dir='ltr'>talia</span> <span class='ocrx_word' id='word_1_230' title='bbox 1826 3527 2087 3610; x_wconf 88' lang='lat' dir='ltr'>saepius</span> <span class='ocrx_word' id='word_1_231' title='bbox 2134 3529 2608 3611; x_wconf 89' lang='lat' dir='ltr'>coniunguntur</span> <span class='ocrx_word' id='word_1_232' title='bbox 2653 3536 2751 3598; x_wconf 88' lang='lat' dir='ltr'>at-</span> 
     </span>
     <span class='ocr_line' id='line_1_30' title="bbox 460 3632 2093 3716; baseline 0.001 -17"><span class='ocrx_word' id='word_1_233' title='bbox 460 3652 582 3716; x_wconf 89' lang='lat' dir='ltr'>que</span> <span class='ocrx_word' id='word_1_234' title='bbox 626 3634 771 3697; x_wconf 89' lang='grc' dir='ltr'>ΙΤΕ</span> <span class='ocrx_word' id='word_1_235' title='bbox 816 3633 882 3696; x_wconf 92' lang='lat' dir='ltr'>in</span> <span class='ocrx_word' id='word_1_236' title='bbox 928 3633 1097 3696; x_wconf 86' lang='lat' dir='ltr'>ERE</span> <span class='ocrx_word' id='word_1_237' title='bbox 1144 3632 1450 3699; x_wconf 87' lang='lat' dir='ltr'>facillime</span> <span class='ocrx_word' id='word_1_238' title='bbox 1498 3635 1820 3715; x_wconf 88' lang='lat' dir='ltr'>corrumpi</span> <span class='ocrx_word' id='word_1_239' title='bbox 1862 3634 2093 3716; x_wconf 88' lang='lat' dir='ltr'>potuit.</span> 
     </span>
    </p>
   </div>
   <div class='ocr_carea' id='block_1_4' title="bbox 459 3742 2757 4699">
    <p class='ocr_par' dir='ltr' id='par_1_7' title="bbox 459 3742 2757 4592">
     <span class='ocr_line' id='line_1_31' title="bbox 633 3742 2750 3831; baseline 0.004 -24"><span class='ocrx_word' id='word_1_240' title='bbox 633 3742 753 3807; x_wconf 89' lang='lat' dir='ltr'>His</span> <span class='ocrx_word' id='word_1_241' title='bbox 799 3742 958 3807; x_wconf 91' lang='lat' dir='ltr'>locis</span> <span class='ocrx_word' id='word_1_242' title='bbox 1006 3742 1249 3808; x_wconf 85' lang='lat' dir='ltr'>addere</span> <span class='ocrx_word' id='word_1_243' title='bbox 1281 3743 1438 3808; x_wconf 91' lang='lat' dir='ltr'>mihi</span> <span class='ocrx_word' id='word_1_244' title='bbox 1477 3743 1672 3810; x_wconf 90' lang='lat' dir='ltr'>liceat</span> <span class='ocrx_word' id='word_1_245' title='bbox 1720 3745 2003 3823; x_wconf 90' lang='lat' dir='ltr'>tertium,</span> <span class='ocrx_word' id='word_1_246' title='bbox 2053 3764 2177 3826; x_wconf 90' lang='lat' dir='ltr'>quo</span> <span class='ocrx_word' id='word_1_247' title='bbox 2224 3746 2303 3810; x_wconf 90' lang='lat' dir='ltr'>de</span> <span class='ocrx_word' id='word_1_248' title='bbox 2351 3745 2565 3813; x_wconf 89' lang='lat' dir='ltr'>verbis</span> <span class='ocrx_word' id='word_1_249' title='bbox 2612 3750 2750 3831; x_wconf 92' lang='lat' dir='ltr'>qui-</span> 
     </span>
     <span class='ocr_line' id='line_1_32' title="bbox 459 3849 2748 3925; baseline 0.003 -8"><span class='ocrx_word' id='word_1_250' title='bbox 459 3853 601 3918; x_wconf 89' lang='lat' dir='ltr'>dem</span> <span class='ocrx_word' id='word_1_251' title='bbox 648 3869 834 3916; x_wconf 92' lang='lat' dir='ltr'>nemo</span> <span class='ocrx_word' id='word_1_252' title='bbox 881 3849 1200 3918; x_wconf 88' lang='lat' dir='ltr'>dubitavit</span> <span class='ocrx_word' id='word_1_253' title='bbox 1245 3852 1358 3918; x_wconf 88' lang='lat' dir='ltr'>sed</span> <span class='ocrx_word' id='word_1_254' title='bbox 1409 3852 1487 3917; x_wconf 90' lang='lat' dir='ltr'>de</span> <span class='ocrx_word' id='word_1_255' title='bbox 1535 3853 1881 3919; x_wconf 87' lang='lat' dir='ltr'>sententia.</span> <span class='ocrx_word' id='word_1_256' title='bbox 1950 3854 2074 3919; x_wconf 90' lang='lat' dir='ltr'>Est</span> <span class='ocrx_word' id='word_1_257' title='bbox 2117 3855 2192 3919; x_wconf 82' lang='lat' dir='ltr'>de</span> <span class='ocrx_word' id='word_1_258' title='bbox 2221 3860 2353 3921; x_wconf 80' lang='lat' dir='ltr'>nat.</span> <span class='ocrx_word' id='word_1_259' title='bbox 2378 3855 2748 3925; x_wconf 77' lang='lat' dir='ltr'>deor.149:</span> 
     </span>
     <span class='ocr_line' id='line_1_33' title="bbox 462 3962 2750 4042; baseline 0.005 -19"><span class='ocrx_word' id='word_1_260' title='bbox 462 3962 678 4028; x_wconf 75' lang='lat' dir='ltr'>»Haec</span> <span class='ocrx_word' id='word_1_261' title='bbox 728 3979 1111 4042; x_wconf 88' lang='lat' dir='ltr'>quamquam</span> <span class='ocrx_word' id='word_1_262' title='bbox 1170 3968 1236 4027; x_wconf 89' lang='lat' dir='ltr'>et</span> <span class='ocrx_word' id='word_1_263' title='bbox 1280 3962 1540 4028; x_wconf 87' lang='lat' dir='ltr'>inventa</span> <span class='ocrx_word' id='word_1_264' title='bbox 1602 3968 1753 4029; x_wconf 89' lang='lat' dir='ltr'>sunt</span> <span class='ocrx_word' id='word_1_265' title='bbox 1816 3963 2066 4029; x_wconf 87' lang='lat' dir='ltr'>acutius</span> <span class='ocrx_word' id='word_1_266' title='bbox 2114 3968 2181 4029; x_wconf 93' lang='lat' dir='ltr'>et</span> <span class='ocrx_word' id='word_1_267' title='bbox 2226 3963 2403 4031; x_wconf 89' lang='lat' dir='ltr'>dicta</span> <span class='ocrx_word' id='word_1_268' title='bbox 2448 3964 2750 4034; x_wconf 88' lang='lat' dir='ltr'>subtilius</span> 
     </span>
     <span class='ocr_line' id='line_1_34' title="bbox 459 4070 2750 4155; baseline 0.003 -18"><span class='ocrx_word' id='word_1_269' title='bbox 459 4071 539 4137; x_wconf 87' lang='lat' dir='ltr'>ab</span> <span class='ocrx_word' id='word_1_270' title='bbox 568 4070 869 4152; x_wconf 82' lang='lat' dir='ltr'>EpicurO,</span> <span class='ocrx_word' id='word_1_271' title='bbox 919 4088 1109 4151; x_wconf 89' lang='lat' dir='ltr'>quam</span> <span class='ocrx_word' id='word_1_272' title='bbox 1157 4075 1229 4137; x_wconf 90' lang='lat' dir='ltr'>ut</span> <span class='ocrx_word' id='word_1_273' title='bbox 1276 4072 1482 4153; x_wconf 89' lang='lat' dir='ltr'>quivis</span> <span class='ocrx_word' id='word_1_274' title='bbox 1515 4091 1592 4138; x_wconf 87' lang='lat' dir='ltr'>ea</span> <span class='ocrx_word' id='word_1_275' title='bbox 1625 4073 1833 4155; x_wconf 88' lang='lat' dir='ltr'>possit</span> <span class='ocrx_word' id='word_1_276' title='bbox 1879 4092 2249 4155; x_wconf 87' lang='lat' dir='ltr'>agnoscere,</span> <span class='ocrx_word' id='word_1_277' title='bbox 2296 4080 2511 4140; x_wconf 91' lang='lat' dir='ltr'>tamen</span> <span class='ocrx_word' id='word_1_278' title='bbox 2544 4074 2750 4143; x_wconf 87' lang='lat' dir='ltr'>fretus</span> 
     </span>
     <span class='ocr_line' id='line_1_35' title="bbox 459 4178 2752 4263; baseline 0 -20"><span class='ocrx_word' id='word_1_279' title='bbox 459 4178 888 4261; x_wconf 87' lang='lat' dir='ltr'>intelligentia</span> <span class='ocrx_word' id='word_1_280' title='bbox 931 4183 1150 4243; x_wconf 87' lang='lat' dir='ltr'>vestra</span> <span class='ocrx_word' id='word_1_281' title='bbox 1197 4178 1445 4245; x_wconf 87' lang='lat' dir='ltr'>dissero</span> <span class='ocrx_word' id='word_1_282' title='bbox 1495 4180 1790 4259; x_wconf 76' lang='lat' dir='ltr'>breviuS,</span> <span class='ocrx_word' id='word_1_283' title='bbox 1860 4200 2051 4263; x_wconf 88' lang='lat' dir='ltr'>quam</span> <span class='ocrx_word' id='word_1_284' title='bbox 2114 4201 2308 4248; x_wconf 87' lang='lat' dir='ltr'>causa</span> <span class='ocrx_word' id='word_1_285' title='bbox 2368 4182 2752 4249; x_wconf 71' lang='lat' dir='ltr'>desiderat«</span> 
     </span>
     <span class='ocr_line' id='line_1_36' title="bbox 459 4285 2757 4371; baseline 0.002 -20"><span class='ocrx_word' id='word_1_286' title='bbox 459 4285 745 4352; x_wconf 87' lang='lat' dir='ltr'>Adnotat</span> <span class='ocrx_word' id='word_1_287' title='bbox 776 4285 1254 4351; x_wconf 87' lang='lat' dir='ltr'>Schoemannus</span> <span class='ocrx_word' id='word_1_288' title='bbox 1280 4285 1710 4371; x_wconf 77' lang='lat' dir='ltr'>‘»agnoscere«</span> <span class='ocrx_word' id='word_1_289' title='bbox 1755 4285 1858 4353; x_wconf 90' lang='lat' dir='ltr'>hic</span> <span class='ocrx_word' id='word_1_290' title='bbox 1892 4289 2199 4354; x_wconf 71' lang='lat' dir='ltr'>esse·»&#39;als</span> <span class='ocrx_word' id='word_1_291' title='bbox 2233 4288 2408 4354; x_wconf 88' lang='lat' dir='ltr'>wahr</span> <span class='ocrx_word' id='word_1_292' title='bbox 2441 4289 2757 4355; x_wconf 88' lang='lat' dir='ltr'>anerken-</span> 
     </span>
     <span class='ocr_line' id='line_1_37' title="bbox 460 4395 2750 4478; baseline 0.002 -19"><span class='ocrx_word' id='word_1_293' title='bbox 460 4414 644 4474; x_wconf 84' lang='lat' dir='ltr'>nen«3</span> <span class='ocrx_word' id='word_1_294' title='bbox 691 4395 811 4459; x_wconf 88' lang='lat' dir='ltr'>hoc</span> <span class='ocrx_word' id='word_1_295' title='bbox 857 4399 1109 4459; x_wconf 90' lang='lat' dir='ltr'>rectum</span> <span class='ocrx_word' id='word_1_296' title='bbox 1139 4412 1262 4459; x_wconf 95' lang='lat' dir='ltr'>non</span> <span class='ocrx_word' id='word_1_297' title='bbox 1299 4399 1420 4476; x_wconf 91' lang='lat' dir='ltr'>est,</span> <span class='ocrx_word' id='word_1_298' title='bbox 1467 4395 1582 4461; x_wconf 90' lang='lat' dir='ltr'>sed</span> <span class='ocrx_word' id='word_1_299' title='bbox 1629 4395 2162 4478; x_wconf 85' lang='lat' dir='ltr'>intellegendum:</span> <span class='ocrx_word' id='word_1_300' title='bbox 2210 4397 2589 4478; x_wconf 64' lang='lat' dir='ltr'>»erkennem</span> <span class='ocrx_word' id='word_1_301' title='bbox 2637 4398 2750 4463; x_wconf 92' lang='lat' dir='ltr'>wie</span> 
     </span>
     <span class='ocr_line' id='line_1_38' title="bbox 463 4502 1469 4592; baseline -0.009 -19"><span class='ocrx_word' id='word_1_302' title='bbox 463 4525 532 4573; x_wconf 91' lang='lat' dir='ltr'>es</span> <span class='ocrx_word' id='word_1_303' title='bbox 579 4502 926 4592; x_wconf 86' lang='lat' dir='ltr'>eigentlich</span> <span class='ocrx_word' id='word_1_304' title='bbox 964 4503 1260 4588; x_wconf 85' lang='lat' dir='ltr'>gemeint</span> <span class='ocrx_word' id='word_1_305' title='bbox 1305 4503 1409 4569; x_wconf 87' lang='lat' dir='ltr'>ist.</span> <span class='ocrx_word' id='word_1_306' title='bbox 1425 4528 1469 4564; x_wconf 22' lang='lat'>«1</span> 
     </span>
    </p>

    <p class='ocr_par' dir='ltr' id='par_1_8' title="bbox 635 4602 2751 4699">
     <span class='ocr_line' id='line_1_39' title="bbox 635 4602 2751 4699; baseline -0 -18"><span class='ocrx_word' id='word_1_307' title='bbox 635 4614 761 4682; x_wconf 88' lang='lat' dir='ltr'>Sed</span> <span class='ocrx_word' id='word_1_308' title='bbox 809 4614 973 4681; x_wconf 86' lang='lat' dir='ltr'>satis</span> <span class='ocrx_word' id='word_1_309' title='bbox 1019 4602 1391 4696; x_wconf 86' lang='lat' dir='ltr'>exposuisse</span> <span class='ocrx_word' id='word_1_310' title='bbox 1425 4612 1579 4679; x_wconf 89' lang='lat' dir='ltr'>mihi</span> <span class='ocrx_word' id='word_1_311' title='bbox 1625 4611 1866 4699; x_wconf 89' lang='lat' dir='ltr'>videor,</span> <span class='ocrx_word' id='word_1_312' title='bbox 1915 4633 2077 4696; x_wconf 88' lang='lat' dir='ltr'>quae</span> <span class='ocrx_word' id='word_1_313' title='bbox 2123 4614 2294 4681; x_wconf 90' lang='lat' dir='ltr'>inter</span> <span class='ocrx_word' id='word_1_314' title='bbox 2329 4633 2751 4699; x_wconf 74' lang='lat' dir='ltr'>»cognoscen-</span> 
     </span>
    </p>
   </div>
  </div>
 </body>
</html>
