3408 5300
1541 412 1623 476 45

429 580 773 649 codices
819 583 1224 666 corrupti
1270 582 2294 665 sunt,veramlectionem
2324 577 2726 663 praebere

425 695 507 758 et
551 692 734 758 sine
781 691 1035 759 dubio
1081 694 1359 775 pluris
1406 712 1651 776 quam
1695 691 1762 758 A
1809 691 2295 760 faciendum
2342 708 2545 773 esse,
2592 695 2726 755 at-

427 817 578 882 que
622 806 863 884 puto,
911 803 1090 868 etsi
1158 802 1254 868 B¹
1301 804 1558 885 paulo
1604 803 2063 869 inferioris
2109 818 2357 885 quam
2392 799 2459 865 A
2503 806 2729 867 aeta-

425 909 547 975 tis
593 909 748 994 sit,
792 915 1062 977 tamen
1111 915 1176 995 β,
1223 912 1433 981 unde
1480 912 1920 995 originem
1968 912 2237 995 duxit,
2281 911 2718 977 vetustio-

425 1036 602 1084 rem
647 1020 1082 1102 priusque
1130 1039 1226 1087 ex
1271 1021 1758 1105 archetypo
1807 1017 2205 1088 codicum
2249 1024 2727 1086 nostrorum

422 1129 777 1195 omnium
826 1129 1311 1198 derivatum
1358 1148 1552 1197 esse
1599 1149 1850 1215 quam
1909 1154 1986 1212 α,
2058 1149 2158 1196 ex
2218 1148 2386 1216 quo
2431 1126 2733 1196 AGPV

424 1236 933 1305 fluxerunt.
1407 1248 1410 1252 “

1212 1432 1319 1501 De
1365 1435 1778 1503 correctore
1821 1432 1950 1500 ΒΞ

602 1574 878 1643 Difficile
938 1582 1044 1644 est
1108 1577 1189 1644 de
1261 1584 1629 1645 correctore
1680 1577 1778 1643 B'
1845 1583 2025 1643 recte
2082 1575 2395 1643 iudicare.
2491 1575 2728 1654 Quam-

424 1702 697 1768 cumque
743 1687 1230 1773 paragraphum
1276 1688 1599 1771 inspicies,
1646 1706 1903 1770 semper
1948 1688 2152 1768 multa
2209 1686 2496 1752 invenies
2544 1703 2583 1751 a
2629 1682 2728 1749 B²

424 1800 742 1873 correcta,
789 1812 956 1878 quae
1003 1795 1170 1862 falsa
1224 1803 1336 1863 aut
1382 1804 1572 1875 erant
1619 1802 1732 1863 aut
1778 1798 1836 1862 ei
1864 1794 2249 1862 videbantur
2281 1814 2443 1862 esse.
2510 1796 2728 1876 Atque

426 1905 611 1968 tanta
659 1906 761 1968 est
810 1902 1158 1969 multitudo
1204 1903 1510 1988 locorum,
1558 1903 1791 1986 quibus
1824 1902 2022 1970 verba
2058 1923 2096 1968 a
2132 1902 2224 1966 B¹
2262 1903 2501 1969 omissa
2546 1905 2729 1966 recte

431 2005 784 2087 addiderit,
814 2006 981 2075 falso
1012 2009 1238 2076 addita
1271 2010 1601 2090 deleverit,
1650 2016 1958 2092 corrupta
1991 2009 2375 2088 restituerit,
2409 2006 2723 2073 mendosa

430 2116 897 2198 emendaverit,
942 2123 1017 2184 ut
1063 2119 1317 2184 omnino
1365 2117 1653 2186 dubitari
1702 2138 1825 2185 non
1870 2119 2097 2202 possit,
2166 2118 2316 2201 quin
2383 2118 2603 2184 codice
2657 2116 2725 2182 in

435 2222 815 2304 corrigendo
865 2242 1022 2291 usus
1069 2223 1235 2310 sit¹).
1285 2224 1487 2304 Quem
1519 2226 1806 2292 codicem
1855 2226 2124 2293 alterius
2170 2226 2398 2291 classis
2444 2249 2485 2290 α
2529 2224 2730 2289 fuisse

431 2330 845 2398 manifestum
905 2339 1026 2399 est.
1131 2334 1416 2400 Primum
1490 2335 1657 2402 enim
1703 2334 1803 2401 13²
1849 2335 1910 2400 Il
1964 2340 2111 2404 1520
2182 2334 2475 2402 lacunam
2547 2334 2728 2399 illam

430 2434 884 2504 fasciculorum
932 2439 1425 2522 perturbatione
1471 2448 1678 2507 ortam
1726 2459 1992 2524 prorsus
2026 2440 2248 2506 eodem
2297 2439 2486 2505 modo
2533 2445 2728 2520 atque

425 2543 687 2611 ACPV
722 2548 983 2629 explere
1019 2555 1308 2632 conatur,
1357 2549 1437 2616 cf.
1463 2569 1523 2633 p.
1560 2555 1634 2615 16
1669 2568 1793 2630 ss.;
1843 2548 2076 2615 deinde
2122 2550 2361 2615 multas
2408 2552 2474 2614 et
2520 2547 2724 2614 falsas

430 2656 719 2722 codicum
766 2657 1027 2724 AGPV
1061 2660 1374 2726 lectiones
1420 2660 1483 2724 in
1530 2659 1818 2727 codicem
1853 2659 1922 2725 B
1953 2658 2311 2738 transfert;
2359 2666 2492 2725 tum
2526 2659 2728 2725 omni-

434 2761 553 2830 bus
599 2765 737 2831 fere
786 2765 965 2848 locis,
1039 2765 1270 2848 quibus
1334 2755 1529 2833 etiam
1577 2766 1839 2833 AOPV
1896 2768 2156 2850 gravius
2206 2767 2492 2849 corrupti
2560 2772 2731 2847 sunt,

433 2873 593 2939 nihil
638 2875 931 2941 medelae
961 2874 1170 2953 affert,
1195 2876 1311 2943 sed
1341 2882 1456 2942 aut
1485 2881 1764 2959 utroque
1794 2877 1982 2943 oculo
2016 2876 2287 2955 conivet,
2338 2881 2452 2942 aut
2477 2876 2730 2942 coniec-

426 2987 611 3049 turas
656 2984 758 3049 vel
803 2983 1274 3052 audacissimas
1320 2985 1589 3068 profert.
1684 2986 1931 3052 Harum
1992 3005 2047 3051 e.
2105 3005 2223 3067 gr„
2289 3004 2436 3052 cum
2491 2987 2731 3052 multas

430 3091 819 3176 notaverim,
866 3093 970 3159 hic
1013 3113 1255 3176 paucas
1300 3113 1573 3177 ponam:

594 3216 625 3280 I
680 3220 868 3284 13³⁶:
918 3222 990 3281 ut
1034 3217 1099 3281 in
1146 3216 1471 3301 synefebis
1499 3218 1584 3296 A,
1630 3219 1802 3285 utin
1842 3217 2153 3285 sinefebis
2186 3217 2361 3299 13¹0,
2407 3225 2481 3287 ut
2514 3215 2729 3287 teren-

423 3322 553 3390 tius
601 3324 666 3389 in
713 3322 924 3391 efebis
970 3324 1070 3389 132
1095 3324 1167 3409 ²).

604 3458 799 3522 5016:
870 3453 1090 3542 etiam]
1170 3455 1226 3522 Ο
1288 3463 1345 3522 et
1412 3457 1485 3523 in
1549 3478 1680 3523 ras,
1751 3455 1847 3521 A⁸
1891 3456 2008 3538 (Α1
2081 3456 2285 3542 obse),
2356 3463 2559 3525 ettam
2609 3458 2729 3541 B1,

418 3565 558 3627 tum
607 3558 729 3625 13².

601 3697 683 3761 93
703 3715 796 3766 se:
847 3693 1074 3778 Silum]
1125 3691 1192 3774 Ο,
1243 3694 1437 3760 sillim
1482 3694 1570 3775 A,
1609 3695 1745 3761 sive
1797 3693 1883 3779 B,
1932 3715 2005 3760 ve
2050 3695 2123 3761 in
2153 3716 2285 3761 νας.
2333 3700 2393 3764 2.
2439 3734 2523 3744 --
2557 3696 2725 3775 Quid

429 3804 840 3872 scribendum
889 3803 1001 3886 sit,
1051 3802 1260 3870 adhuc
1307 3803 1646 3871 nescimus.

842 4004 1014 4021 -η

585 4124 633 4190 l)
673 4122 755 4176 Ex
819 4122 1002 4177 altero
1058 4120 1205 4175 libro
1254 4120 1383 4191 plus
1422 4122 1525 4176 300
1582 4122 1733 4178 locos
1782 4139 1817 4178 a
1853 4122 1931 4177 13²
1985 4123 2259 4177 tractatos
2316 4121 2529 4187 notavi,
2581 4120 2736 4176 inter

425 4229 565 4282 quos
600 4213 708 4267 250
745 4212 862 4268 fere
901 4213 1053 4267 recte
1093 4210 1442 4275 emendatos,
1481 4227 1548 4266 ex
1588 4213 1763 4269 tertio
1802 4213 1907 4267 250
1947 4212 2082 4279 fere,
2119 4212 2270 4267 inter
2308 4228 2447 4280 quos
2469 4211 2573 4266 200
2612 4211 2731 4267 fere

420 4307 573 4361 recte
611 4303 955 4360 emendatos.

569 4420 625 4489 2)
664 4417 934 4474 Codicum
972 4417 1102 4472 ΡΜ
1145 4416 1467 4485 lectionem,
1521 4434 1650 4473 cum
1711 4417 1802 4472 hic
1862 4417 1978 4474 fere
2038 4416 2183 4472 nihil
2243 4416 2451 4484 valeat,
2506 4416 2729 4487 omitto,

426 4514 677 4583 itemque
715 4514 1096 4569 correctorum
1133 4510 1214 4565 A⁸
1253 4511 1419 4581 (saec.
1458 4510 1619 4583 XIII)
1671 4514 1734 4568 et
1779 4510 1853 4566 1⁷⁸
1906 4509 2070 4580 (saec.
2110 4510 2261 4582 XII),
2315 4510 2425 4565 nisi
2483 4512 2727 4581 quadam

425 4609 495 4663 de
532 4626 702 4664 causa.
738 4623 862 4663 eam
901 4605 1167 4673 cognosci
1204 4604 1460 4661 interest.
