3408 5300
1580 422 1672 484 23¹

366 666 372 671 ,
482 595 659 670 runi,
733 592 897 675 q'uae
962 592 1027 659 e‘t
1091 593 1173 658 ad
1236 591 1630 674 agnitionem
1678 592 2022 678 (A²GM³,
2090 586 2481 678 agnitionem
2531 588 2657 660 om.
2708 595 2792 661 ad

482 700 711 783 A1M¹,
761 702 844 767 ad
883 703 1316 786 cognitionem
1346 701 1517 785 BF)
1564 703 1998 784 pulcherrima
2058 709 2160 768 est
2207 710 2274 767 et
2319 702 2401 767 ad
2453 703 2792 769 moderan-

494 811 643 876 dam
688 813 1068 897 religionem
1116 814 1511 879 necessaria.
1601 813 1699 877 De
1750 830 1876 894 qua
1919 831 1973 879 e.
2003 830 2060 894 q.
2094 831 2186 879 s«

670 921 769 986 De
847 922 1251 988 coniunctivo
1316 921 1523 986 »sint«
1598 919 1921 986 dubitavit
1981 923 2301 1003 quondam
2360 921 2791 1000 HeindorfiuS‚

482 1029 613 1096 sed
659 1049 856 1096 causa
900 1049 1025 1097 non
1074 1036 1237 1110 erat,
1287 1030 1368 1098 cf.
1417 1031 1702 1114 Madvig.
1753 1031 1834 1095 ad
1881 1031 1958 1095 de
1997 1033 2118 1113 βω
2160 1032 2189 1095 Ι
2229 1037 2327 1115 19,
2377 1032 2793 1098 Schoemann.

496 1158 597 1221 op.
648 1141 743 1205 III
793 1146 952 1219 335,
999 1141 1069 1205 F.
1107 1143 1176 1205 A.
1212 1140 1404 1206 Wolf.
1453 1142 1554 1206 Kl.
1604 1139 1785 1205 Schr.
1834 1142 1864 1213 I
1909 1160 1968 1222 p.
2018 1138 2179 1219 498',
2247 1145 2314 1206 et
2360 1142 2787 1224 Merguetium

485 1237 840 1329 inspiciam
905 1249 1008 1314 hic
1054 1268 1294 1331 paucos
1340 1248 1608 1314 afferam
1669 1249 1846 1314 locos
1893 1249 2078 1330 huic,
2129 1249 2207 1314 de
2256 1268 2377 1331 quo
2425 1249 2659 1331 agitur,
2706 1251 2790 1314 si-

494 1357 811 1422 miliores:
850 1379 973 1439 pro
1010 1358 1212 1423 Balbo
1246 1363 1360 1423 29:
1413 1378 1593 1423 »cum
1644 1377 1722 1423 ex
1768 1356 2061 1423 omnibus
2109 1357 2480 1423 civitatibus
2525 1359 2629 1423 via
2675 1360 2789 1423 sit

489 1465 556 1529 in
602 1472 924 1548 nostram,
996 1485 1265 1547 cumque
1312 1468 1553 1531 nostris
1601 1464 1847 1530 civibus
1889 1472 2183 1546 pateat
2228 1465 2311 1530 ad
2360 1469 2614 1530 ceteras
2661 1467 2789 1530 iter

484 1574 822 1658 civitateS‚
883 1580 1019 1640 tum
1063 1594 1246 1654 vem,
1309 1581 1381 1640 ut
1426 1593 1717 1656 quaeque
1763 1573 2093 1640 nobiscum
2143 1573 2413 1639 maxime
2461 1575 2778 1639 societate

534 1732 597 1747 ..
644 1688 746 1748 est
792 1684 1149 1762 coniuncta,
1194 1687 1289 1750 ita
1332 1685 1487 1749 mihi
1535 1683 1808 1750 maxime
1855 1681 2786 1749 communione'beneficiorum

564 1841 577 1855 .
630 1841 644 1856 .
695 1794 1009 1859 contineri
1054 1794 1370 1859 videtur.«

658 1901 735 1967 de
782 1905 884 1985 off.
934 1904 1031 1968 III
1079 1911 1153 1969 5:
1226 1903 1380 1969 »sed
1430 1922 1572 1968 cum
1619 1907 1761 1967 tota
1825 1902 2233 1983 philosophia
2276 1948 2290 1962 .
2339 1952 2352 1966 .
2401 1951 2415 1966 .
2465 1900 2783 1986 frugifera

481 2014 554 2074 et
597 2008 928 2077 fructuosa
975 2012 1124 2091 sit,
1187 2019 1324 2078 tum
1385 2011 1594 2077 nullus
1658 2011 1936 2076 feracior
1998 2011 2062 2075 in
2124 2029 2201 2076 ea
2263 2011 2441 2075 locus
2489 2013 2594 2076 est
2639 2058 2655 2072 .
2701 2060 2715 2074 .
2765 2058 2778 2075 .

488 2136 679 2199 quam
726 2119 810 2184 de
858 2118 1148 2185 officiis«
1302 2120 1311 2127 ’
2341 2116 2344 2119 ’

664 2227 958 2310 Itemque
1009 2230 1108 2295 his
1157 2230 1313 2294 locis
1362 2230 1558 2294 etiam
1610 2226 1856 2309 absque
1902 2228 2195 2293 codicum
2236 2227 2629 2293 auctoritate
2675 2233 2789 2293 aut

483 2343 718 2402 contra
762 2337 1279 2404 doctissimorum
1328 2339 1652 2402 hominum
1717 2339 2124 2403 coniecturas
2190 2336 2627 2402 coniunctivus
2670 2355 2785 2419 po-

482 2445 938 2512 mendus.'est:
1007 2446 1109 2511 De
1152 2469 1218 2512 n.
1265 2447 1326 2511 d.
1370 2448 1433 2511 II
1488 2450 1633 2512 107:
1721 2447 1917 2512 >Eius
1986 2465 2126 2511 cum
2189 2446 2392 2511 totius
2438 2446 2554 2511 sit
2597 2458 2784 2528 prae·-

481 2552 666 2618 clara
710 2555 995 2635 specieS,
1059 2560 1195 2620 tum
1258 2555 1551 2636 inprimis
1610 2552 2031 2635 adspicienda
2097 2560 2198 2619 est
2258 2553 2468 2639 figura
2528 2555 2781 2636 capitis,

486 2662 731 2745 (Etiam
781 2669 994 2730 »tum«
1047 2661 1334 2731 Schoem.
1385 2666 1745 2731 rectissime
1794 2662 2095 2745 addidit).

662 2770 766 2837 De
809 2773 922 2855 leq.
971 2794 1105 2856 αρν.
1154 2774 1217 2837 II
1266 2780 1382 2841 81:
1455 2774 1815 2854 »hocagri
1881 2771 2191 2854 Campani
2254 2774 2570 2858 vectigal,
2641 2777 2783 2839 cum

488 2881 799 2947 eiusmodi
845 2884 974 2960 sit,
1024 2889 1095 2948 ut
1142 2888 1208 2948 et
1239 2884 1412 2948 domi
1446 2884 1533 2948 sit
1578 2889 1645 2947 et
1690 2877 1986 2948 omnibus
2028 2881 2373 2964 praesidiis
2405 2875 2783 2964 oppidorum

493 2996 781 3074 tegatur,
830 2998 966 3057 tum
1013 3009 1221 3074 neque
1266 2991 1456 3057 bellis
1502 2992 1805 3056 infestum
1854 3010 1971 3056 nec
2015 2990 2332 3056 fructibus
2377 2992 2622 3056 varium
2669 3010 2785 3057 nec

485 3102 671 3166 caelo
718 3121 793 3167 ac
842 3104 980 3169 loco
1028 3103 1476 3169 calamitosum
1525 3121 1669 3167 esse
1720 3102 1950 3166 solet«
2265 3095 2270 3098 ’

650 3231 776 3291 pro
824 3211 1006 3275 Mur.
1058 3216 1171 3276 56:
1239 3212 1418 3289 Quae
1467 3230 1609 3276 cum
1657 3212 1835 3276 sint
1880 3210 2137 3291 gravia,
2206 3216 2338 3274 tum
2404 3205 2560 3275 illud
2609 3228 2787 3292 acer-

498 3319 834 3385 bissimum
881 3327 983 3386 est
1030 3340 1082 3386 e.
1119 3341 1175 3403 q.
1214 3341 1306 3387 s.«

661 3429 786 3493 Sed
836 3430 995 3494 haec
1042 3431 1228 3511 quasi
1271 3431 1334 3493 in
1385 3431 1707 3508 transitu,
1780 3448 1892 3509 ea,
1942 3429 2021 3493 de
2069 3428 2300 3510 quibus
2351 3430 2565 3494 dicere
2614 3430 2783 3495 vole-

486 3535 652 3620 bam3
704 3543 854 3603 sunt
899 3537 1134 3602 verba:
1188 3558 1392 3620 »quae
1441 3546 1507 3603 et
1553 3539 1636 3603 ad
1671 3538 2064 3619 agnitionem
2110 3531 2304 3602 animi
2350 3538 2784 3618 pulcherrima

491 3652 592 3710 est
640 3651 706 3709 et
753 3645 834 3711 ad
868 3646 1324 3711 moderandam
1359 3648 1739 3729 religionem
1767 3647 2189 3711 necessaria«.
2262 3646 2429 3710 Nam
2475 3647 2569 3711 ita
2619 3666 2781 3712 nunc

487 3771 707 3818 omnes
753 3753 907 3820 fere.
949 3757 1174 3840 legunt
1234 3762 1301 3819 et
1346 3756 1827 3822 Schoemannus
1895 3751 2234 3836 legendum
2292 3772 2470 3832 esse,
2542 3773 2642 3836 op.
2691 3755 2784 3818 111

487 3881 547 3940 p.
599 3866 758 3940 291,
829 3862 1104 3943 probare
1153 3866 1374 3929 voluit.
1485 3863 1797 3928 Conferas
1864 3863 2060 3927 etiam
2111 3859 2528 3928 Heidtmanni
2596 3863 2782 3927 »Bei-

486 3977 672 4051 trage
723 3992 837 4037 zur
886 3972 1101 4038 Kritik
1162 3994 1220 4039 u.
1283 3974 1788 4055 Interpretation
1855 3974 1971 4037 der
2017 3967 2260 4036 Schrift
2326 3971 2385 4035 d.
2437 3972 2663 4037 Cicero
2708 3972 2783 4036 de

485 4085 616 4148 nat.
664 4081 886 4160 deon«,
936 4101 1081 4146 ann.
1130 4102 1340 4167 gymn.
1391 4083 1782 4147 Neustettin.
1836 4087 2021 4163 1858,
2071 4100 2455 4162 quamquam
2504 4083 2785 4163 ea,'qui-

486 4187 605 4255 bus
655 4190 756 4255 hic
802 4195 1011 4256 totam
1058 4194 1445 4257 sententiam
1494 4192 1950 4273 interpolatam
1986 4209 2128 4256 esse
2161 4189 2474 4271 probasse
2521 4189 2647 4255 sibi
2691 4191 2780 4254 vi-

491 4318 602 4367 sus
651 4306 771 4383 est,
818 4301 975 4365 nihil
1025 4303 1260 4367 valent.
2591 4370 2598 4372 e

664 4411 895 4491 Agitur
939 4410 1137 4492 igitur
1199 4411 1279 4475 de
1339 4411 1591 4476 ratione
1652 4411 1827 4475 inter
1875 4407 2465 4490 »cognoscendum«
2516 4415 2583 4473 et
2632 4427 2782 4490 »ag-

500 4518 970 4602 noscendum«,
1041 4522 1566 4605 »cognitionem«
1637 4525 1704 4584 et
1773 4511 2258 4601 »agnitionem«
2326 4517 2787 4583 intercedente.

486 4626 843 4710 Utrumque
880 4626 1193 4710 verbum,
1268 4630 1324 4693 si
1370 4628 1828 4712 etymologiam
1876 4628 2288 4709 respicimuS,
2334 4630 2542 4707 primo
2587 4626 2787 4710 signi.-
