3408 5300
1726 395 1803 457 18

618 588 659 628 α
706 563 995 650 'ordinem
1042 563 1417 631 restitutum
1464 568 1837 629 esse'ratus
1865 561 2250 641 'omisit3‘in
2299 560 2367 627 B
2414 561 2623 629 adhuc
2649 567 2910 628 exstat:

613 673 778 743 Nam
825 672 1095 741 verbum
1140 672 1715 757 »transmutavit«,
1782 670 1951 752 quod
1997 670 2410 738 Schwenkius
2457 671 2542 737 ad
2594 673 2904 744 »mentita

613 785 740 850 sit«
789 783 1166 851 adnotatum
1215 801 1359 850 esse
1407 782 1587 864 dicit,
1633 800 1863 847 revera
1893 781 1974 845 ad
2021 780 2576 863 perturbationem
2619 781 2907 851 referen-

608 893 759 977 dum
807 899 925 979 est.
972 954 975 959 .
1017 891 1303 958 Primum
1366 892 1532 957 enim
1577 892 1641 956 in
1691 890 1761 955 B
1805 891 2198 972 glossemata
2261 891 2519 974 singula
2564 889 2762 961 verba
2807 890 2906 959 in-

604 1002 1038 1084 terpretantia
1086 1002 1377 1083 exceptis.
1417 1001 1547 1082 eis,
1609 1016 1782 1082 quae·
1821 999 1948 1063 iam
1995 999 2060 1065 in
2108 999 2457 1082 archetypo
2503 1000 2676 1066 inter
2724 1000 2904 1067 Cice-

601 1113 776 1180 ronis
840 1111 1043 1192 ipsius
1101 1109 1300 1177 verba
1356 1110 1787 1191 irrepserant,
1850 1128 1889 1177 a
1935 1109 2143 1190 prima
2200 1128 2393 1175 manu
2457 1110 2683 1177 addita
2751 1129 2903 1177 nus-

601 1238 791 1309 quam
837 1219 1282 1298 inveniuntur3
1331 1219 1563 1284 deinde
1608 1218 1778 1285 idem
1826 1219 2080 1302 signum
2128 1219 2179 1301 Γ,
2226 1219 2392 1301 quod
2427 1225 2594 1287 ‚ante
2633 1226 2894 1289 ›trans-

598 1331 911 1396 mutavit‹
961 1331 1025 1395 in
1071 1330 1369 1412 margine
1411 1335 1546 1412 est,
1576 1390 1582 1396 .
1613 1329 1810 1397 etiam
1868 1334 2019 1410 post
2081 1327 2507 1410 »gubernari«
2570 1329 2726 1410 fuit,
2791 1329 2902 1395 ubi

601 1439 811 1509 adhuc
858 1441 1254 1522 agnoscitur,
1300 1457 1685 1520 quamquam
1734 1457 1989 1503 erasum
2038 1443 2146 1508 est
2182 1444 2257 1503 ut
2294 1438 2670 1517 asteriscuS,
2717 1457 2902 1520 quem

600 1549 700 1614 13²
745 1549 973 1620 eodem
1034 1550 1174 1615 loco
1233 1553 1869 1630 posuerat300nt1a
1933 1548 2016 1613 ad
2069 1548 2382 1617 »mentita
2443 1553 2582 1614 est«
2649 1548 2898 1673 siguum

594 1658 893 1725 additum
933 1677 1136 1740 neque
1185 1665 1287 1725 est
1331 1677 1538 1740 neque
1583 1655 1729 1724 fuit.
2115 1720 2116 1723 ,

773 1769 847 1833 In
897 1769 1116 1836 codice
1156 1767 1213 1834 B
1260 1769 1454 1834 etiam
1499 1769 1721 1833 multis
1768 1768 1916 1835 aliis
1965 1766 2498 1835 translationibus
2545 1767 2703 1834 ordo
2751 1787 2901 1849 per-

603 1878 906 1955 turbatus
954 1885 1073 1944 est.
1165 1878 1344 1956 Quae
1388 1879 1538 1961 quin
1584 1879 1768 1960 ipsae
1816 1897 2066 1960 quoque
2116 1897 2339 1944 omnes
2385 1878 2513 1944 iam
2559 1879 2624 1942 in
2674 1879 2901 1944 arche·-

602 1997 754 2072 typo
816 1988 1416 2071 fuerint,.dubiu1n
1483 2007 1626 2054 esse
1689 2008 1814 2054 non
1876 1995 2130 2069 potest,
2196 1996 2389 2070 atque
2452 1991 2495 2072 β
2559 1993 2626 2053 et
2673 1987 2742 2052 B
2789 2005 2903 2055 eas

601 2100 1050 2181 apertissimas
1095 2105 1534 2182 servaverunt,
1581 2122 1622 2162 α
1668 2099 1956 2164 ordinem
1987 2099 2369 2181 restituit¹).
2444 2099 2594 2165 Una
2636 2097 2770 2180 illa,
2822 2097 2902 2162 de

605 2224 732 2288 qua
778 2204 1096 2287 copiosius
1157 2205 1660 2287 disputavimus,
1723 2204 1872 2269 libri
1931 2205 2008 2269 de
2050 2211 2184 2270 nat.
2238 2205 2400 2269 deor.
2447 2204 2711 2272 secundi
2756 2222 2902 2286 per-

604 2312 892 2388 turbjatio
955 2314 1150 2378 etiam
1213 2315 1275 2379 in
1328 2336 1371 2377 α
1416 2315 1761 2390 remansit,
1811 2315 1978 2397 quia
2043 2315 2101 2380 is
2147 2315 2256 2396 qui
2302 2339 2343 2378 α
2390 2314 2655 2396 scripsit
2699 2315 2899 2378 inter-

599 2428 797 2505 rupta
840 2423 1163 2488 sententia
1190 2434 1195 2438 ’
1224 2423 1482 2505 expleta
1544 2430 1610 2490 et
1657 2424 2074 2506 sequentibus
2137 2425 2379 2490 additis
2426 2424 2744 2491 damnum·
2771 2423 2900 2490 iam

601 2538 927 2600 resartum
974 2550 1116 2601 esse
1165 2532 1437 2613 putabat
1461 2532 1530 2617 2).
1643 2533 1826 2611 Quod
1874 2541 2089 2600 autem
2136 2535 2256 2600 hoc
2302 2554 2427 2601 uno
2473 2535 2614 2601 loco
2659 2534 2790 2600 iam
2834 2535 2898 2598 in

603 2642 951 2725 archetypo
999 2640 1231 2723 aliquis
1279 2643 1638 2709 sententias
1704 2664 1827 2710 non
1888 2645 2060 2710 coire
2109 2644 2315 2711 sensit
2362 2648 2558 2727 atque
2603 2645 2900 2714 lacunam

601 2754 858 2834 explere
907 2758 1172 2818 conatus
1219 2759 1354 2831 est,
1416 2754 1783 2820 mirandum
1837 2775 1962 2820 non
2012 2761 2148 2837 est,
2213 2761 2360 2820 nam
2408 2756 2652 2837 primus
2698 2755 2899 2820 totius

607 2862 856 2928 codicis,
896 2862 1061 2928 liber
1106 2882 1228 2928 non
1280 2862 1473 2928 aliter
1519 2869 1713 2945 atque
1772 2864 1962 2929 hodie
2011 2865 2228 2929 etiam
2257 2865 2543 2946 antiquis
2590 2865 2896 2946 tempori-

599 2971 719 3038 bus
764 2974 1022 3054 saepius
1067 2971 1410 3056 legebatur
1458 2977 1650 3055 atque
1698 2972 2125 3039 tractabatur.
2196 2973 2293 3038 De
2343 2972 2640 3038 omnibus
2685 2977 2898 3037 trans·

600 3079 948 3147 lationibus
993 3081 1122 3148 illis
1172 3081 1556 3175 coniunctim
1602 3099 1838 3164 agere,
1899 3083 2069 3164 quod
2117 3100 2306 3147 unum
2355 3081 2746 3147 fructuosius
2792 3081 2897 3162 sit‘,

604 3196 760 3269 tum,
809 3208 950 3255 cum
996 3190 1162 3254 hanc
1208 3190 1732 3255 dissertationem
1782 3189 2262 3272 componebam,
2310 3192 2586 3256 nondum
2637 3188 2896 3269 licebat,

601 3299 754 3384 quia
803 3317 988 3363 nemo
1038 3309 1277 3377 eorum,
1348 3301 1451 3380 qui
1501 3299 1786 3363 codicem
1835 3299 1904 3364 B
1953 3299 2374 3381 contulerant,
2423 3301 2671 3381 omnia,
2736 3319 2898 3382 quae

607 3407 757 3471 sciri
806 3425 965 3486 opus
1013 3411 1182 3486 erat,
1250 3406 1329 3470 de
1380 3406 1472 3471 eis
1519 3405 1905 3470 rettullerat.
2001 3406 2177 3483 Quae
2226 3425 2367 3471 cum
2412 3406 2551 3487 ipse
2600 3406 2730 3470 iam
2774 3406 2902 3470 col-

602 3511 775 3575 lecta
820 3510 1116 3588 habeam,
1162 3510 1270 3575 ubi
1318 3512 1588 3591 primum
1638 3517 1890 3592 tempus
1939 3513 2080 3589 erit,
2127 3512 2253 3575 alio
2301 3512 2440 3575 loco
2474 3512 2556 3575 de
2587 3530 2663 3575 ea
2693 3521 2765 3576 re
2801 3529 2902 3575 ac-

605 3621 890 3685 curatius
938 3620 1298 3702 disputabo.
1367 3621 1464 3684 Ex
1496 3621 1588 3685 eis
1622 3629 1839 3685 autem
1869 3640 2035 3702 quae
2068 3622 2474 3701 exposuimus
2505 3619 2570 3684 id
2605 3618 2900 3700 efficitur,

605 3730 884 3794 codicem
937 3730 1004 3794 B
1052 3732 1472 3796 vetustiorem
1520 3728 1836 3811 praebere
1880 3731 2175 3795 lectionis
2221 3730 2634 3808 memoriam3
2682 3731 2902 3796 melio-

602 3857 821 3904 remne
865 3840 1068 3903 etiam
1116 3839 1450 3922 praebeat,
1496 3847 1728 3921 postea
1777 3859 2247 3921 cognoscemus.
2297 3875 2380 3885 -—-
2910 3824 2919 3832 ⁸

771 3950 871 4014 ΙΙΙ
892 3955 1052 4018 459:
1107 3951 1373 4031 »Itaque
1426 3951 1733 4016 Achillem
1783 3950 2328 4031 Astypalaeenses
2378 3947 2493 4032 (sic
2537 3948 2755 4014 nullus
2802 3968 2900 4013 co-

752 4237 804 4305 1)
843 4236 980 4291 Item
1024 4235 1275 4292 codicem
1314 4238 1372 4290 F
1404 4236 1503 4307 qui
1546 4254 1613 4291 ex
1654 4238 1716 4292 B,
1748 4233 2063 4303 descripsit,
2103 4233 2354 4286 ordinem
2399 4232 2665 4300 restituit.
2743 4293 2744 4296 Ἴ

744 4329 798 4397 2)
842 4328 976 4384 Cum
1017 4330 1157 4385 haec
1209 4330 1545 4384 dissertatio·
1590 4329 1700 4384 iam
1740 4329 2062 4381 litterarum
2101 4325 2295 4379 formis
2335 4325 2777 4392 describeretur,
2836 4342 2902 4379 ex

599 4420 921 4476 Schwenkii
963 4423 1207 4492 epistola
1244 4422 1490 4494 benigne
1543 4422 1612 4476 ad
1653 4439 1744 4476 me
1783 4420 1951 4475 missa.
2001 4418 2062 4472 in
2100 4422 2154 4473 A
2194 4417 2376 4472 etiam
2403 4418 2648 4473 alteram
2680 4417 2901 4486 pertur-

596 4514 886 4569 bationem
922 4516 1005 4584 (in
1025 4515 1279 4586 Timaeo)
1319 4535 1436 4573 esse
1476 4516 1743 4587 cognovi3
1782 4532 1894 4571 non
1919 4513 2136 4581 dubito,
2177 4512 2312 4582 quin
2356 4511 2529 4566 etiam
2569 4511 2709 4568 haee
2748 4513 2905 4566 certa

593 4611 683 4665 de
698 4619 868 4666 causa
907 4613 1284 4667 remanserit.
