3408 5300
1173 1082 1278 1147 De
1323 1081 1476 1147 vita
1521 1081 1866 1148 auctoris·

2537 1128 2604 1189 „XX

549 1255 757 1320 Natus
804 1272 939 1318 sum
979 1252 1367 1317 Bertholdus
1401 1253 1556 1317 otto
1602 1250 1947 1317 Dieckhoff
1985 1253 2333 1336 Gottingae
2379 1255 2442 1318 in
2495 1216 2708 1318 aima*

375 1365 738 1428 litterarum
804 1363 958 1426 sede
1025 1381 1079 1426 a.
1144 1363 1204 1426 d.
1251 1354 1368 1425 XV
1417 1361 1678 1427 Calend.
1732 1359 1917 1425 Febr.
1983 1364 2131 1427 anni
2179 1364 2239 1427 h.
2302 1382 2352 1426 s,
2403 1363 2663 1439 LXXII,

374 1479 564 1553 patre
595 1472 987 1548 Hermann0‚
1034 1477 1243 1534 matre
1280 1470 1613 1534 Herminia
1660 1491 1694 1533 e
1743 1478 1934 1551 gente
1980 1471 2203 1550 Balke,
2253 1490 2413 1554 quos
2458 1473 2666 1536 adhuc

375 1581 766 1660 superstites
814 1599 960 1643 esse
1006 1598 1394 1658 magnopere
1435 1574 1725 1658 'gaudem
1820 1564 2045 1644 Fidem
2105 1578 2415 1660 profiteor
2474 1601 2664 1645 evan-

372 1689 669 1774 gelicam.
740 1688 973 1752 Primis
1019 1688 1256 1751 litteris
1304 1688 1364 1751 in
1404 1687 1552 1752 ludo
1590 1689 1842 1768 patriae
1878 1690 1982 1769 qui
2017 1688 2254 1754 dicitur
2277 1689 2663 1754 »Gehobene

379 1798 813 1862 Volkschule«
909 1796 1192 1861 imbutus
1273 1805 1617 1862 auctumno
1704 1799 1853 1861 anni
1923 1797 2191 1862 LXXXI
2261 1801 2662 1881 gymnasium

376 1907 806 1988 Gottingense
854 1907 1004 1972 adii.
1101 1906 1358 1970 Antonii
1409 1906 1699 1971 Viertelii
1752 1905 2095 1970 directoris
2160 1908 2465 1987 auspiciis
2532 1927 2667 1970 ma-

375 2016 667 2080 turitatis
717 2015 1008 2079 examine
1056 2021 1360 2094 superato
1395 2033 1543 2078 vere
1589 2016 1737 2078 anni
1782 2015 1894 2079 XC
1942 2016 2004 2077 in
2054 2034 2383 2079 numerum
2434 2017 2664 2080 civium

373 2124 886 2187 academicorum
934 2121 1456 2204 Gottingensium
1504 2131 1807 2202 receptus
1854 2141 2011 2186 sum.

562 2232 931 2294 Docuerunt
1005 2248 1105 2292 me
1181 2230 1298 2292 viri
1376 2229 1831 2293 illustrissimi:
1923 2231 2289 2307 Baumann,
2376 2230 2667 2310 Bechtel,

374 2340 654 2419 Dilthey,
721 2337 1055 2411 Dziatsz,
1122 2337 1207 2400 Μ.
1256 2337 1501 2417 Heyne,
1568 2339 1718 2413 Le0‚
1784 2337 1860 2401 G.
1911 2338 1978 2401 E.
2032 2338 2324 2419 Mueller,
2390 2338 2662 2415 Roethe,

375 2441 653 2522 Sauppe,
702 2443 780 2505 de
830 2441 1719 2506 Wilamovitz-Moellendorf.
2282 2451 2286 2454 ’

552 2549 642 2610 Ad
718 2547 1213 2610 exercitationes
1279 2548 1804 2628 archaeologicas
1856 2548 2149 2628 Dilthey‚
2216 2548 2666 2628 epigraphicas

373 2656 454 2721 de
530 2656 984 2736 Wilamowitz,
1055 2656 1361 2718 metricas
1430 2657 1600 2732 Leo,
1676 2656 2255 2736 palaeographicas
2331 2656 2663 2732 Dziatzk0‚

371 2765 736 2847 philologas
785 2764 916 2827 Leo
965 2769 1030 2826 et
1077 2762 1157 2826 de
1205 2763 1631 2828 Wilamowitz
1684 2764 1959 2847 benigne
2027 2764 2267 2829 aditum
2317 2763 2468 2827 mihi
2518 2783 2663 2843 per-

374 2873 706 2937 miserunt.

546 2981 730 3060 Regii
778 2980 1245 3061 philolog-orum
1292 2982 1743 3061 proseminarii
1808 2981 2050 3045 sodalis
2117 2999 2233 3061 per
2301 2981 2447 3060 duo,
2516 2999 2660 3061 ger—

375 3086 607 3150 manici
657 3103 774 3165 per
821 3091 1147 3166 quattuor,
1196 3086 1664 3167 philologorum
1716 3086 2044 3151 seminarii
2105 3085 2348 3149 sodalis
2410 3086 2663 3149 ordina-

378 3196 510 3259 rius
555 3213 672 3274 per
719 3194 847 3259 tria
894 3194 1255 3274 semestria,
1304 3196 1656 3277 germanici
1709 3214 1824 3275 per
1869 3213 2057 3258 unum
2109 3194 2218 3258 fui.
2591 3268 2595 3271 ,

554 3301 863 3367 Omnibus
909 3302 1037 3365 illis
1097 3303 1253 3367 viris
1309 3306 1413 3384 qui
1484 3323 1585 3368 me
1635 3306 1989 3370 docuerunt
2031 3304 2240 3368 iustas
2286 3323 2360 3367 ac
2409 3302 2666 3369 debitas

370 3406 578 3472 habeo
652 3408 921 3491 gratias,
992 3426 1183 3489 quam
1253 3410 1565 3473 maximas
1635 3428 1786 3474 vero
1856 3408 2188 3473 Friderico
2239 3410 2476 3485 Leoni,
2552 3411 2658 3490 qui

372 3522 615 3598 quanta
661 3534 917 3596 semper
985 3535 1139 3595 erga
1187 3535 1286 3580 me
1335 3518 1533 3581 fuerit
1594 3517 2040 3582 benevolentia
2104 3524 2475 3599 quantaque
2543 3518 2661 3581 hu-

372 3626 686 3691 manitate
732 3644 832 3689 me
879 3624 1028 3689 inde
1079 3646 1116 3689 a
1163 3626 1518 3690 studiorum
1568 3627 1773 3691 initiis
1818 3623 2114 3692 omnibus
2144 3626 2206 3689 in
2240 3624 2436 3690 rebus
2464 3645 2661 3706 opera

366 3743 432 3800 et
478 3735 744 3800 consilio
790 3734 1128 3813 adiuverit,
1181 3737 1522 3816 numquam
1571 3735 1941 3800 obliviscar.

3094 3457 3305 3654 4
