<?xml version="1.0" encoding="UTF-8"?>
<!DOCTYPE html PUBLIC "-//W3C//DTD XHTML 1.0 Transitional//EN"
    "http://www.w3.org/TR/xhtml1/DTD/xhtml1-transitional.dtd">
<html xmlns="http://www.w3.org/1999/xhtml" xml:lang="en" lang="en">
 <head>
  <title>
</title>
<meta http-equiv="Content-Type" content="text/html;charset=utf-8" />
  <meta name='ocr-system' content='tesseract 3.04.00' />
  <meta name='ocr-capabilities' content='ocr_page ocr_carea ocr_par ocr_line ocrx_word'/>
</head>
<body>
  <div class='ocr_page' id='page_1' title='image "./deciceronislibr02diecgoog_0030.png"; bbox 0 0 3408 5300; ppageno 0'>
   <div class='ocr_carea' id='block_1_1' title="bbox 1736 345 1819 404">
    <p class='ocr_par' dir='ltr' id='par_1_1' title="bbox 1736 345 1819 404">
     <span class='ocr_line' id='line_1_1' title="bbox 1736 345 1819 404; baseline 0 0"><span class='ocrx_word' id='word_1_1' title='bbox 1736 345 1819 404; x_wconf 88' lang='lat'>30</span> 
     </span>
    </p>
   </div>
   <div class='ocr_carea' id='block_1_2' title="bbox 564 513 3029 4615">
    <p class='ocr_par' dir='ltr' id='par_1_2' title="bbox 564 513 3029 4615">
     <span class='ocr_line' id='line_1_2' title="bbox 637 513 2933 599; baseline -0.001 -17"><span class='ocrx_word' id='word_1_2' title='bbox 637 516 945 598; x_wconf 85' lang='lat' dir='ltr'>tellegere</span> <span class='ocrx_word' id='word_1_3' title='bbox 990 517 1172 598; x_wconf 64' lang='lat' dir='ltr'>vult,‘</span> <span class='ocrx_word' id='word_1_4' title='bbox 1196 535 1515 599; x_wconf 80' lang='lat' dir='ltr'>quaerere</span> <span class='ocrx_word' id='word_1_5' title='bbox 1552 513 1810 594; x_wconf 88' lang='lat' dir='ltr'>debeat,</span> <span class='ocrx_word' id='word_1_6' title='bbox 1859 533 2027 598; x_wconf 89' lang='lat' dir='ltr'>quae</span> <span class='ocrx_word' id='word_1_7' title='bbox 2069 535 2325 598; x_wconf 84' lang='lat' dir='ltr'>quoque</span> <span class='ocrx_word' id='word_1_8' title='bbox 2371 515 2511 581; x_wconf 89' lang='lat' dir='ltr'>loco</span> <span class='ocrx_word' id='word_1_9' title='bbox 2558 515 2933 581; x_wconf 84' lang='lat' dir='ltr'>Ciceronem</span> 
     </span>
     <span class='ocr_line' id='line_1_3' title="bbox 639 625 2939 706; baseline 0.001 -16"><span class='ocrx_word' id='word_1_10' title='bbox 639 627 810 692; x_wconf 89' lang='lat' dir='ltr'>inter</span> <span class='ocrx_word' id='word_1_11' title='bbox 857 632 924 690; x_wconf 89' lang='lat' dir='ltr'>et</span> <span class='ocrx_word' id='word_1_12' title='bbox 971 625 1256 691; x_wconf 81' lang='lat' dir='ltr'>Graecos</span> <span class='ocrx_word' id='word_1_13' title='bbox 1303 627 1470 690; x_wconf 85' lang='lat' dir='ltr'>ratio</span> <span class='ocrx_word' id='word_1_14' title='bbox 1537 625 1901 703; x_wconf 73' lang='lat' dir='ltr'>intercedat</span> <span class='ocrx_word' id='word_1_15' title='bbox 1965 626 2274 706; x_wconf 89' lang='lat' dir='ltr'>cuiusque</span> <span class='ocrx_word' id='word_1_16' title='bbox 2328 631 2444 691; x_wconf 88' lang='lat' dir='ltr'>aut</span> <span class='ocrx_word' id='word_1_17' title='bbox 2485 625 2778 690; x_wconf 81' lang='lat' dir='ltr'>referens</span> <span class='ocrx_word' id='word_1_18' title='bbox 2825 630 2939 693; x_wconf 81' lang='lat' dir='ltr'>aut</span> 
     </span>
     <span class='ocr_line' id='line_1_4' title="bbox 637 732 2935 819; baseline -0.003 -17"><span class='ocrx_word' id='word_1_19' title='bbox 637 735 923 818; x_wconf 65' lang='lat' dir='ltr'>probans</span> <span class='ocrx_word' id='word_1_20' title='bbox 966 739 1077 819; x_wconf 77' lang='lat' dir='ltr'>aut</span> <span class='ocrx_word' id='word_1_21' title='bbox 1139 733 1512 816; x_wconf 78' lang='lat' dir='ltr'>improbans</span> <span class='ocrx_word' id='word_1_22' title='bbox 1573 734 1961 799; x_wconf 83' lang='lat' dir='ltr'>mentionem</span> <span class='ocrx_word' id='word_1_23' title='bbox 2022 732 2257 811; x_wconf 86' lang='lat' dir='ltr'>faciat,</span> <span class='ocrx_word' id='word_1_24' title='bbox 2324 737 2538 809; x_wconf 84' lang='lat' dir='ltr'>tamen</span> <span class='ocrx_word' id='word_1_25' title='bbox 2585 732 2935 798; x_wconf 90' lang='lat' dir='ltr'>cavendum</span> 
     </span>
     <span class='ocr_line' id='line_1_5' title="bbox 639 826 2936 928; baseline -0.002 -18"><span class='ocrx_word' id='word_1_26' title='bbox 639 852 759 928; x_wconf 84' lang='lat' dir='ltr'>est,</span> <span class='ocrx_word' id='word_1_27' title='bbox 807 865 906 928; x_wconf 88' lang='lat' dir='ltr'>ne,</span> <span class='ocrx_word' id='word_1_28' title='bbox 958 826 1097 910; x_wconf 89' lang='lat' dir='ltr'>cum</span> <span class='ocrx_word' id='word_1_29' title='bbox 1147 844 1280 909; x_wconf 90' lang='lat' dir='ltr'>tale</span> <span class='ocrx_word' id='word_1_30' title='bbox 1329 844 1479 925; x_wconf 90' lang='lat' dir='ltr'>quid</span> <span class='ocrx_word' id='word_1_31' title='bbox 1527 843 1956 925; x_wconf 79' lang='lat' dir='ltr'>investigasse</span> <span class='ocrx_word' id='word_1_32' title='bbox 2004 841 2188 908; x_wconf 91' lang='lat' dir='ltr'>nobis</span> <span class='ocrx_word' id='word_1_33' title='bbox 2233 842 2584 919; x_wconf 87' lang='lat' dir='ltr'>videamur,</span> <span class='ocrx_word' id='word_1_34' title='bbox 2632 841 2786 922; x_wconf 91' lang='lat' dir='ltr'>quid</span> <span class='ocrx_word' id='word_1_35' title='bbox 2833 841 2936 908; x_wconf 88' lang='lat' dir='ltr'>Ci-</span> 
     </span>
     <span class='ocr_line' id='line_1_6' title="bbox 635 946 2936 1036; baseline -0.004 -16"><span class='ocrx_word' id='word_1_36' title='bbox 635 973 782 1028; x_wconf 83' lang='lat' dir='ltr'>cero</span> <span class='ocrx_word' id='word_1_37' title='bbox 828 956 968 1036; x_wconf 83' lang='lat' dir='ltr'>ipse</span> <span class='ocrx_word' id='word_1_38' title='bbox 1027 952 1242 1017; x_wconf 79' lang='lat' dir='ltr'>dicere</span> <span class='ocrx_word' id='word_1_39' title='bbox 1304 950 1615 1031; x_wconf 87' lang='lat' dir='ltr'>voluerit,</span> <span class='ocrx_word' id='word_1_40' title='bbox 1686 948 1965 1030; x_wconf 89' lang='lat' dir='ltr'>quidque</span> <span class='ocrx_word' id='word_1_41' title='bbox 2032 949 2094 1013; x_wconf 91' lang='lat' dir='ltr'>in</span> <span class='ocrx_word' id='word_1_42' title='bbox 2157 947 2424 1013; x_wconf 88' lang='lat' dir='ltr'>codibus</span> <span class='ocrx_word' id='word_1_43' title='bbox 2484 946 2669 1012; x_wconf 92' lang='lat' dir='ltr'>nobis</span> <span class='ocrx_word' id='word_1_44' title='bbox 2732 946 2936 1022; x_wconf 52' lang='lat' dir='ltr'>tradi,-</span> 
     </span>
     <span class='ocr_line' id='line_1_7' title="bbox 582 1054 2937 1143; baseline -0.003 -17"><span class='ocrx_word' id='word_1_45' title='bbox 582 1099 591 1107; x_wconf 94' lang='lat'><strong>·</strong></span> <span class='ocrx_word' id='word_1_46' title='bbox 638 1067 773 1126; x_wconf 90' lang='lat' dir='ltr'>tum</span> <span class='ocrx_word' id='word_1_47' title='bbox 823 1063 943 1140; x_wconf 89' lang='lat' dir='ltr'>sit,</span> <span class='ocrx_word' id='word_1_48' title='bbox 1004 1061 1442 1143; x_wconf 79' lang='lat' dir='ltr'>neglegamus,</span> <span class='ocrx_word' id='word_1_49' title='bbox 1535 1057 1716 1135; x_wconf 86' lang='lat' dir='ltr'>Quod</span> <span class='ocrx_word' id='word_1_50' title='bbox 1765 1057 1885 1121; x_wconf 88' lang='lat' dir='ltr'>hoc</span> <span class='ocrx_word' id='word_1_51' title='bbox 1947 1054 2026 1120; x_wconf 92' lang='lat' dir='ltr'>de</span> <span class='ocrx_word' id='word_1_52' title='bbox 2085 1074 2207 1138; x_wconf 91' lang='lat' dir='ltr'>quo</span> <span class='ocrx_word' id='word_1_53' title='bbox 2248 1055 2466 1139; x_wconf 89' lang='lat' dir='ltr'>agitur</span> <span class='ocrx_word' id='word_1_54' title='bbox 2509 1056 2647 1125; x_wconf 90' lang='lat' dir='ltr'>loco</span> <span class='ocrx_word' id='word_1_55' title='bbox 2698 1055 2937 1121; x_wconf 86' lang='lat' dir='ltr'>factum</span> 
     </span>
     <span class='ocr_line' id='line_1_8' title="bbox 641 1163 2935 1247; baseline -0.005 -8"><span class='ocrx_word' id='word_1_56' title='bbox 641 1170 798 1239; x_wconf 86' lang='lat' dir='ltr'>mihi</span> <span class='ocrx_word' id='word_1_57' title='bbox 845 1169 1099 1235; x_wconf 84' lang='lat' dir='ltr'>videtur</span> <span class='ocrx_word' id='word_1_58' title='bbox 1146 1186 1308 1233; x_wconf 86' lang='lat' dir='ltr'>esse.</span> <span class='ocrx_word' id='word_1_59' title='bbox 1401 1166 1566 1231; x_wconf 87' lang='lat' dir='ltr'>Nam</span> <span class='ocrx_word' id='word_1_60' title='bbox 1613 1183 1881 1247; x_wconf 85' lang='lat' dir='ltr'>prorsus</span> <span class='ocrx_word' id='word_1_61' title='bbox 1930 1164 2168 1230; x_wconf 85' lang='lat' dir='ltr'>diversi</span> <span class='ocrx_word' id='word_1_62' title='bbox 2217 1169 2374 1229; x_wconf 88' lang='lat' dir='ltr'>sunt</span> <span class='ocrx_word' id='word_1_63' title='bbox 2411 1163 2589 1228; x_wconf 89' lang='lat' dir='ltr'>locus</span> <span class='ocrx_word' id='word_1_64' title='bbox 2636 1163 2745 1228; x_wconf 92' lang='lat' dir='ltr'>ille</span> <span class='ocrx_word' id='word_1_65' title='bbox 2795 1164 2935 1228; x_wconf 87' lang='lat' dir='ltr'>Ari·</span> 
     </span>
     <span class='ocr_line' id='line_1_9' title="bbox 643 1270 2938 1353; baseline -0.003 -10"><span class='ocrx_word' id='word_1_66' title='bbox 643 1277 898 1343; x_wconf 87' lang='lat' dir='ltr'>stotelis</span> <span class='ocrx_word' id='word_1_67' title='bbox 946 1283 1013 1341; x_wconf 87' lang='lat' dir='ltr'>et</span> <span class='ocrx_word' id='word_1_68' title='bbox 1058 1276 1161 1339; x_wconf 89' lang='lat' dir='ltr'>hic</span> <span class='ocrx_word' id='word_1_69' title='bbox 1209 1274 1558 1340; x_wconf 81' lang='lat' dir='ltr'>Ciceronis.</span> <span class='ocrx_word' id='word_1_70' title='bbox 1632 1271 2018 1337; x_wconf 87' lang='lat' dir='ltr'>Aristoteles</span> <span class='ocrx_word' id='word_1_71' title='bbox 2065 1271 2147 1337; x_wconf 91' lang='lat' dir='ltr'>de</span> <span class='ocrx_word' id='word_1_72' title='bbox 2196 1271 2441 1353; x_wconf 86' lang='lat' dir='ltr'>origine</span> <span class='ocrx_word' id='word_1_73' title='bbox 2488 1270 2938 1352; x_wconf 80' lang='lat' dir='ltr'>philosophiae</span> 
     </span>
     <span class='ocr_line' id='line_1_10' title="bbox 564 1380 2934 1468; baseline -0.002 -19"><span class='ocrx_word' id='word_1_74' title='bbox 564 1442 571 1449; x_wconf 84' lang='grc'><strong><em>,</em></strong></span> <span class='ocrx_word' id='word_1_75' title='bbox 641 1387 969 1468; x_wconf 85' lang='lat' dir='ltr'>disputat,</span> <span class='ocrx_word' id='word_1_76' title='bbox 1043 1384 1269 1451; x_wconf 89' lang='lat' dir='ltr'>Cicero</span> <span class='ocrx_word' id='word_1_77' title='bbox 1334 1381 1748 1447; x_wconf 89' lang='lat' dir='ltr'>Academiam</span> <span class='ocrx_word' id='word_1_78' title='bbox 1815 1399 1997 1446; x_wconf 89' lang='lat' dir='ltr'>suam</span> <span class='ocrx_word' id='word_1_79' title='bbox 2062 1380 2485 1446; x_wconf 84' lang='lat' dir='ltr'>commendat.</span> <span class='ocrx_word' id='word_1_80' title='bbox 2580 1381 2807 1463; x_wconf 87' lang='lat' dir='ltr'>Itaque</span> <span class='ocrx_word' id='word_1_81' title='bbox 2855 1380 2934 1444; x_wconf 91' lang='lat' dir='ltr'>de</span> 
     </span>
     <span class='ocr_line' id='line_1_11' title="bbox 641 1492 2935 1577; baseline -0.003 -15"><span class='ocrx_word' id='word_1_82' title='bbox 641 1515 906 1563; x_wconf 70' lang='lat' dir='ltr'>»causa«</span> <span class='ocrx_word' id='word_1_83' title='bbox 952 1494 1396 1577; x_wconf 81' lang='lat' dir='ltr'>philosophiae</span> <span class='ocrx_word' id='word_1_84' title='bbox 1443 1492 1857 1577; x_wconf 87' lang='lat' dir='ltr'>cogitandum</span> <span class='ocrx_word' id='word_1_85' title='bbox 1905 1510 2029 1556; x_wconf 92' lang='lat' dir='ltr'>non</span> <span class='ocrx_word' id='word_1_86' title='bbox 2079 1496 2202 1574; x_wconf 88' lang='lat' dir='ltr'>est,</span> <span class='ocrx_word' id='word_1_87' title='bbox 2250 1492 2365 1557; x_wconf 88' lang='lat' dir='ltr'>sed</span> <span class='ocrx_word' id='word_1_88' title='bbox 2412 1496 2785 1572; x_wconf 83' lang='lat' dir='ltr'>corruptum</span> <span class='ocrx_word' id='word_1_89' title='bbox 2832 1496 2935 1555; x_wconf 90' lang='lat' dir='ltr'>est</span> 
     </span>
     <span class='ocr_line' id='line_1_12' title="bbox 642 1600 2936 1689; baseline -0.002 -21"><span class='ocrx_word' id='word_1_90' title='bbox 642 1603 925 1670; x_wconf 86' lang='lat' dir='ltr'>verbum.</span> <span class='ocrx_word' id='word_1_91' title='bbox 1014 1604 1289 1689; x_wconf 84' lang='lat' dir='ltr'>Reliqua</span> <span class='ocrx_word' id='word_1_92' title='bbox 1352 1603 1549 1684; x_wconf 88' lang='lat' dir='ltr'>igitur</span> <span class='ocrx_word' id='word_1_93' title='bbox 1592 1608 1776 1668; x_wconf 80' lang='lat' dir='ltr'>sunt:</span> <span class='ocrx_word' id='word_1_94' title='bbox 1841 1601 2253 1683; x_wconf 85' lang='lat' dir='ltr'>»principium</span> <span class='ocrx_word' id='word_1_95' title='bbox 2291 1600 2745 1681; x_wconf 85' lang='lat' dir='ltr'>philosophiae</span> <span class='ocrx_word' id='word_1_96' title='bbox 2792 1619 2936 1665; x_wconf 89' lang='lat' dir='ltr'>esse</span> 
     </span>
     <span class='ocr_line' id='line_1_13' title="bbox 642 1706 2939 1792; baseline -0.002 -16"><span class='ocrx_word' id='word_1_97' title='bbox 642 1711 1101 1792; x_wconf 87' lang='lat' dir='ltr'>inscientiam«,</span> <span class='ocrx_word' id='word_1_98' title='bbox 1163 1728 1309 1774; x_wconf 90' lang='lat' dir='ltr'>nam</span> <span class='ocrx_word' id='word_1_99' title='bbox 1356 1709 1517 1786; x_wconf 83' lang='lat' dir='ltr'>haec</span> <span class='ocrx_word' id='word_1_100' title='bbox 1564 1726 1678 1789; x_wconf 87' lang='lat' dir='ltr'>pro</span> <span class='ocrx_word' id='word_1_101' title='bbox 1728 1708 1821 1773; x_wconf 93' lang='lat' dir='ltr'>eis</span> <span class='ocrx_word' id='word_1_102' title='bbox 1869 1726 2033 1790; x_wconf 89' lang='lat' dir='ltr'>quae</span> <span class='ocrx_word' id='word_1_103' title='bbox 2080 1706 2459 1773; x_wconf 86' lang='lat' dir='ltr'>traduntur:</span> <span class='ocrx_word' id='word_1_104' title='bbox 2524 1707 2939 1788; x_wconf 75' lang='lat' dir='ltr'>»principium</span> 
     </span>
     <span class='ocr_line' id='line_1_14' title="bbox 645 1817 2940 1902; baseline -0.001 -17"><span class='ocrx_word' id='word_1_105' title='bbox 645 1819 1088 1902; x_wconf 81' lang='lat' dir='ltr'>philosophiae</span> <span class='ocrx_word' id='word_1_106' title='bbox 1149 1818 1228 1883; x_wconf 88' lang='lat' dir='ltr'>ad</span> <span class='ocrx_word' id='word_1_107' title='bbox 1289 1820 1331 1882; x_wconf 81' lang='lat' dir='ltr'>li</span> <span class='ocrx_word' id='word_1_108' title='bbox 1375 1819 1785 1901; x_wconf 83' lang='lat' dir='ltr'>scientiam«,</span> <span class='ocrx_word' id='word_1_109' title='bbox 1845 1817 2185 1883; x_wconf 87' lang='lat' dir='ltr'>scribenda</span> <span class='ocrx_word' id='word_1_110' title='bbox 2251 1835 2433 1899; x_wconf 88' lang='lat' dir='ltr'>esse,</span> <span class='ocrx_word' id='word_1_111' title='bbox 2501 1818 2673 1882; x_wconf 90' lang='lat' dir='ltr'>inter</span> <span class='ocrx_word' id='word_1_112' title='bbox 2720 1834 2940 1883; x_wconf 86' lang='lat' dir='ltr'>omnes</span> 
     </span>
     <span class='ocr_line' id='line_1_15' title="bbox 646 1925 2941 2010; baseline -0.004 -15"><span class='ocrx_word' id='word_1_113' title='bbox 646 1936 944 2010; x_wconf 79' lang='lat' dir='ltr'>constare</span> <span class='ocrx_word' id='word_1_114' title='bbox 1007 1926 1283 1995; x_wconf 86' lang='lat' dir='ltr'>videtur.</span> <span class='ocrx_word' id='word_1_115' title='bbox 1388 1928 1611 1994; x_wconf 90' lang='lat' dir='ltr'>Utitur</span> <span class='ocrx_word' id='word_1_116' title='bbox 1671 1933 1889 1993; x_wconf 87' lang='lat' dir='ltr'>autem</span> <span class='ocrx_word' id='word_1_117' title='bbox 1950 1927 2175 1992; x_wconf 88' lang='lat' dir='ltr'>Cicero</span> <span class='ocrx_word' id='word_1_118' title='bbox 2239 1925 2432 1991; x_wconf 91' lang='lat' dir='ltr'>verbo</span> <span class='ocrx_word' id='word_1_119' title='bbox 2494 1926 2941 1992; x_wconf 73' lang='lat' dir='ltr'>»inscientiae«</span> 
     </span>
     <span class='ocr_line' id='line_1_16' title="bbox 645 2036 2942 2122; baseline -0.001 -18"><span class='ocrx_word' id='word_1_120' title='bbox 645 2058 762 2121; x_wconf 91' lang='lat' dir='ltr'>pro</span> <span class='ocrx_word' id='word_1_121' title='bbox 811 2038 1106 2122; x_wconf 86' lang='lat' dir='ltr'>termino,</span> <span class='ocrx_word' id='word_1_122' title='bbox 1154 2044 1226 2104; x_wconf 84' lang='lat' dir='ltr'>ut</span> <span class='ocrx_word' id='word_1_123' title='bbox 1272 2038 1514 2120; x_wconf 86' lang='lat' dir='ltr'>dicunt,</span> <span class='ocrx_word' id='word_1_124' title='bbox 1560 2037 2103 2119; x_wconf 86' lang='lat' dir='ltr'>philosophorum,</span> <span class='ocrx_word' id='word_1_125' title='bbox 2154 2043 2225 2102; x_wconf 91' lang='lat' dir='ltr'>ut</span> <span class='ocrx_word' id='word_1_126' title='bbox 2249 2036 2781 2119; x_wconf 85' lang='lat' dir='ltr'>Academicorum</span> <span class='ocrx_word' id='word_1_127' title='bbox 2828 2036 2942 2109; x_wconf 71' lang='lat' dir='ltr'>do«,-</span> 
     </span>
     <span class='ocr_line' id='line_1_17' title="bbox 647 2142 2942 2229; baseline 0 -16"><span class='ocrx_word' id='word_1_128' title='bbox 647 2149 958 2228; x_wconf 85' lang='lat' dir='ltr'>ctrinam,</span> <span class='ocrx_word' id='word_1_129' title='bbox 1020 2166 1147 2229; x_wconf 84' lang='lat' dir='ltr'>qua</span> <span class='ocrx_word' id='word_1_130' title='bbox 1191 2147 1349 2211; x_wconf 86' lang='lat' dir='ltr'>nihil</span> <span class='ocrx_word' id='word_1_131' title='bbox 1413 2151 1659 2217; x_wconf 86' lang='lat' dir='ltr'>certum</span> <span class='ocrx_word' id='word_1_132' title='bbox 1698 2145 1877 2211; x_wconf 64' lang='lat' dir='ltr'>‘sciri</span> <span class='ocrx_word' id='word_1_133' title='bbox 1925 2163 2117 2226; x_wconf 89' lang='lat' dir='ltr'>posse</span> <span class='ocrx_word' id='word_1_134' title='bbox 2163 2142 2543 2227; x_wconf 81' lang='lat' dir='ltr'>tradebant,</span> <span class='ocrx_word' id='word_1_135' title='bbox 2605 2143 2942 2226; x_wconf 64' lang='lat' dir='ltr'>significet,</span> 
     </span>
     <span class='ocr_line' id='line_1_18' title="bbox 651 2254 2942 2340; baseline -0.002 -15"><span class='ocrx_word' id='word_1_136' title='bbox 651 2264 715 2325; x_wconf 91' lang='lat' dir='ltr'>et</span> <span class='ocrx_word' id='word_1_137' title='bbox 782 2258 1230 2340; x_wconf 79' lang='lat' dir='ltr'>»principium«</span> <span class='ocrx_word' id='word_1_138' title='bbox 1287 2260 1388 2322; x_wconf 85' lang='lat' dir='ltr'>est</span> <span class='ocrx_word' id='word_1_139' title='bbox 1446 2255 1970 2334; x_wconf 83' lang='lat' dir='ltr'>fundamentum,</span> <span class='ocrx_word' id='word_1_140' title='bbox 2030 2256 2094 2318; x_wconf 93' lang='lat' dir='ltr'>in</span> <span class='ocrx_word' id='word_1_141' title='bbox 2155 2274 2279 2337; x_wconf 91' lang='lat' dir='ltr'>quo</span> <span class='ocrx_word' id='word_1_142' title='bbox 2346 2257 2620 2320; x_wconf 88' lang='lat' dir='ltr'>struitur</span> <span class='ocrx_word' id='word_1_143' title='bbox 2679 2254 2942 2338; x_wconf 85' lang='lat' dir='ltr'>aliquid,</span> 
     </span>
     <span class='ocr_line' id='line_1_19' title="bbox 649 2362 2943 2448; baseline -0.001 -17"><span class='ocrx_word' id='word_1_144' title='bbox 649 2369 748 2435; x_wconf 76' lang='lat' dir='ltr'>vel</span> <span class='ocrx_word' id='word_1_145' title='bbox 794 2366 962 2433; x_wconf 92' lang='lat' dir='ltr'>unde</span> <span class='ocrx_word' id='word_1_146' title='bbox 1012 2367 1366 2448; x_wconf 84' lang='lat' dir='ltr'>disputatio</span> <span class='ocrx_word' id='word_1_147' title='bbox 1428 2364 1644 2445; x_wconf 88' lang='lat' dir='ltr'>aliqua</span> <span class='ocrx_word' id='word_1_148' title='bbox 1701 2362 2131 2445; x_wconf 84' lang='lat' dir='ltr'>proficiscitur</span> <span class='ocrx_word' id='word_1_149' title='bbox 2191 2369 2304 2428; x_wconf 90' lang='lat' dir='ltr'>aut</span> <span class='ocrx_word' id='word_1_150' title='bbox 2362 2362 2680 2445; x_wconf 83' lang='lat' dir='ltr'>proficisci</span> <span class='ocrx_word' id='word_1_151' title='bbox 2727 2362 2943 2446; x_wconf 83' lang='lat' dir='ltr'>debet,</span> 
     </span>
     <span class='ocr_line' id='line_1_20' title="bbox 651 2473 2943 2557; baseline -0 -15"><span class='ocrx_word' id='word_1_152' title='bbox 651 2476 730 2542; x_wconf 85' lang='lat' dir='ltr'>cf.</span> <span class='ocrx_word' id='word_1_153' title='bbox 777 2476 857 2540; x_wconf 79' lang='lat' dir='ltr'>de</span> <span class='ocrx_word' id='word_1_154' title='bbox 894 2477 1009 2557; x_wconf 68' lang='lat' dir='ltr'>fin.</span> <span class='ocrx_word' id='word_1_155' title='bbox 1056 2475 1147 2540; x_wconf 86' lang='lat' dir='ltr'>IV</span> <span class='ocrx_word' id='word_1_156' title='bbox 1197 2479 1315 2541; x_wconf 81' lang='lat'>53:</span> <span class='ocrx_word' id='word_1_157' title='bbox 1383 2474 1509 2540; x_wconf 78' lang='lat' dir='ltr'>»Ut</span> <span class='ocrx_word' id='word_1_158' title='bbox 1577 2475 1743 2539; x_wconf 90' lang='lat' dir='ltr'>enim</span> <span class='ocrx_word' id='word_1_159' title='bbox 1806 2474 1891 2539; x_wconf 89' lang='lat' dir='ltr'>sit</span> <span class='ocrx_word' id='word_1_160' title='bbox 1951 2473 2119 2556; x_wconf 90' lang='lat' dir='ltr'>apud</span> <span class='ocrx_word' id='word_1_161' title='bbox 2167 2474 2315 2539; x_wconf 89' lang='lat' dir='ltr'>illos</span> <span class='ocrx_word' id='word_1_162' title='bbox 2516 2473 2673 2541; x_wconf 88' lang='lat' dir='ltr'>ordo</span> <span class='ocrx_word' id='word_1_163' title='bbox 2729 2491 2943 2541; x_wconf 87' lang='lat' dir='ltr'>rerum</span> 
     </span>
     <span class='ocr_line' id='line_1_21' title="bbox 654 2584 2947 2666; baseline 0.001 -17"><span class='ocrx_word' id='word_1_164' title='bbox 654 2589 1073 2666; x_wconf 83' lang='lat' dir='ltr'>conservatus</span> <span class='ocrx_word' id='word_1_165' title='bbox 1149 2591 1216 2649; x_wconf 87' lang='lat' dir='ltr'>et</span> <span class='ocrx_word' id='word_1_166' title='bbox 1290 2584 1500 2649; x_wconf 89' lang='lat' dir='ltr'>omnia</span> <span class='ocrx_word' id='word_1_167' title='bbox 1569 2584 1739 2648; x_wconf 88' lang='lat' dir='ltr'>inter</span> <span class='ocrx_word' id='word_1_168' title='bbox 1805 2601 1874 2649; x_wconf 92' lang='lat' dir='ltr'>se</span> <span class='ocrx_word' id='word_1_169' title='bbox 1949 2589 2105 2666; x_wconf 88' lang='lat' dir='ltr'>apta</span> <span class='ocrx_word' id='word_1_170' title='bbox 2181 2590 2247 2650; x_wconf 87' lang='lat' dir='ltr'>et</span> <span class='ocrx_word' id='word_1_171' title='bbox 2328 2601 2649 2666; x_wconf 86' lang='lat' dir='ltr'>connexa,</span> <span class='ocrx_word' id='word_1_172' title='bbox 2699 2588 2947 2652; x_wconf 75' lang='lat' dir='ltr'>&#39;tamen</span> 
     </span>
     <span class='ocr_line' id='line_1_22' title="bbox 650 2690 2946 2776; baseline -0.001 -17"><span class='ocrx_word' id='word_1_173' title='bbox 650 2693 951 2776; x_wconf 88' lang='lat' dir='ltr'>persequi</span> <span class='ocrx_word' id='word_1_174' title='bbox 1004 2711 1127 2757; x_wconf 91' lang='lat' dir='ltr'>non</span> <span class='ocrx_word' id='word_1_175' title='bbox 1184 2690 1527 2774; x_wconf 86' lang='lat' dir='ltr'>debemus,</span> <span class='ocrx_word' id='word_1_176' title='bbox 1599 2692 1655 2757; x_wconf 91' lang='lat' dir='ltr'>si</span> <span class='ocrx_word' id='word_1_177' title='bbox 1715 2711 1755 2756; x_wconf 90' lang='lat' dir='ltr'>a</span> <span class='ocrx_word' id='word_1_178' title='bbox 1818 2691 1997 2758; x_wconf 82' lang='lat' dir='ltr'>falsis</span> <span class='ocrx_word' id='word_1_179' title='bbox 2056 2692 2390 2775; x_wconf 86' lang='lat' dir='ltr'>principiis</span> <span class='ocrx_word' id='word_1_180' title='bbox 2457 2691 2750 2776; x_wconf 86' lang='lat' dir='ltr'>profecta</span> <span class='ocrx_word' id='word_1_181' title='bbox 2799 2711 2946 2758; x_wconf 87' lang='lat' dir='ltr'>con-</span> 
     </span>
     <span class='ocr_line' id='line_1_23' title="bbox 653 2801 3029 2885; baseline 0.001 -16"><span class='ocrx_word' id='word_1_182' title='bbox 653 2809 890 2885; x_wconf 85' lang='lat' dir='ltr'>gruunt</span> <span class='ocrx_word' id='word_1_183' title='bbox 953 2804 1094 2884; x_wconf 90' lang='lat' dir='ltr'>ipsa</span> <span class='ocrx_word' id='word_1_184' title='bbox 1161 2801 1286 2867; x_wconf 90' lang='lat' dir='ltr'>sibi</span> <span class='ocrx_word' id='word_1_185' title='bbox 1350 2807 1417 2866; x_wconf 93' lang='lat' dir='ltr'>et</span> <span class='ocrx_word' id='word_1_186' title='bbox 1463 2821 1502 2867; x_wconf 91' lang='lat' dir='ltr'>a</span> <span class='ocrx_word' id='word_1_187' title='bbox 1547 2803 1877 2884; x_wconf 89' lang='lat' dir='ltr'>proposito</span> <span class='ocrx_word' id='word_1_188' title='bbox 1937 2822 2060 2867; x_wconf 91' lang='lat' dir='ltr'>non</span> <span class='ocrx_word' id='word_1_189' title='bbox 2123 2808 2408 2881; x_wconf 75' lang='lat' dir='ltr'>errant«,</span> <span class='ocrx_word' id='word_1_190' title='bbox 2476 2807 2543 2868; x_wconf 91' lang='lat' dir='ltr'>et</span> <span class='ocrx_word' id='word_1_191' title='bbox 2586 2804 2702 2868; x_wconf 82' lang='lat' dir='ltr'>Ac.</span> <span class='ocrx_word' id='word_1_192' title='bbox 2750 2803 2781 2866; x_wconf 95' lang='lat' dir='ltr'>I</span> <span class='ocrx_word' id='word_1_193' title='bbox 2827 2806 2944 2872; x_wconf 84' lang='lat'>42:</span> <span class='ocrx_word' id='word_1_194' title='bbox 3019 2825 3029 2833; x_wconf 92' lang='lat'><strong>·</strong></span> 
     </span>
     <span class='ocr_line' id='line_1_24' title="bbox 655 2911 2947 2995; baseline 0 -19"><span class='ocrx_word' id='word_1_195' title='bbox 655 2913 858 2995; x_wconf 76' lang='lat' dir='ltr'>»quod</span> <span class='ocrx_word' id='word_1_196' title='bbox 928 2919 1164 2979; x_wconf 89' lang='lat' dir='ltr'>natura</span> <span class='ocrx_word' id='word_1_197' title='bbox 1211 2912 1396 2993; x_wconf 86' lang='lat' dir='ltr'>quasi</span> <span class='ocrx_word' id='word_1_198' title='bbox 1438 2930 1731 2977; x_wconf 88' lang='lat' dir='ltr'>normam</span> <span class='ocrx_word' id='word_1_199' title='bbox 1792 2912 2102 2977; x_wconf 87' lang='lat' dir='ltr'>scientiae</span> <span class='ocrx_word' id='word_1_200' title='bbox 2151 2917 2218 2976; x_wconf 90' lang='lat' dir='ltr'>et</span> <span class='ocrx_word' id='word_1_201' title='bbox 2261 2911 2645 2994; x_wconf 85' lang='lat' dir='ltr'>principium</span> <span class='ocrx_word' id='word_1_202' title='bbox 2690 2912 2787 2978; x_wconf 90' lang='lat' dir='ltr'>sui</span> <span class='ocrx_word' id='word_1_203' title='bbox 2833 2911 2947 2977; x_wconf 85' lang='lat' dir='ltr'>de·-</span> 
     </span>
     <span class='ocr_line' id='line_1_25' title="bbox 656 3018 2948 3103; baseline -0.003 -15"><span class='ocrx_word' id='word_1_204' title='bbox 656 3022 946 3098; x_wconf 74' lang='lat' dir='ltr'>disset«;</span> <span class='ocrx_word' id='word_1_205' title='bbox 1013 3021 1175 3095; x_wconf 89' lang='lat' dir='ltr'>alios</span> <span class='ocrx_word' id='word_1_206' title='bbox 1244 3020 1483 3085; x_wconf 88' lang='lat' dir='ltr'>similes</span> <span class='ocrx_word' id='word_1_207' title='bbox 1543 3020 1719 3085; x_wconf 88' lang='lat' dir='ltr'>locos</span> <span class='ocrx_word' id='word_1_208' title='bbox 1786 3019 1975 3085; x_wconf 85' lang='lat' dir='ltr'>facile</span> <span class='ocrx_word' id='word_1_209' title='bbox 2036 3020 2347 3094; x_wconf 78' lang='lat' dir='ltr'>invenias,</span> <span class='ocrx_word' id='word_1_210' title='bbox 2438 3018 2770 3086; x_wconf 90' lang='lat' dir='ltr'>Habemus</span> <span class='ocrx_word' id='word_1_211' title='bbox 2828 3019 2948 3103; x_wconf 89' lang='lat' dir='ltr'>igi-</span> 
     </span>
     <span class='ocr_line' id='line_1_26' title="bbox 656 3129 2947 3215; baseline -0 -19"><span class='ocrx_word' id='word_1_212' title='bbox 656 3139 804 3197; x_wconf 87' lang='lat' dir='ltr'>tur:</span> <span class='ocrx_word' id='word_1_213' title='bbox 877 3130 1029 3196; x_wconf 80' lang='lat' dir='ltr'>»die</span> <span class='ocrx_word' id='word_1_214' title='bbox 1075 3129 1704 3198; x_wconf 86' lang='lat' dir='ltr'>ausserordentliche</span> <span class='ocrx_word' id='word_1_215' title='bbox 1761 3129 2356 3215; x_wconf 87' lang='lat' dir='ltr'>Mannigfaltigkeit</span> <span class='ocrx_word' id='word_1_216' title='bbox 2401 3130 2517 3195; x_wconf 88' lang='lat' dir='ltr'>der</span> <span class='ocrx_word' id='word_1_217' title='bbox 2564 3130 2947 3212; x_wconf 85' lang='lat' dir='ltr'>Meinungen</span> 
     </span>
     <span class='ocr_line' id='line_1_27' title="bbox 654 3238 2950 3321; baseline -0.001 -15"><span class='ocrx_word' id='word_1_218' title='bbox 654 3240 819 3306; x_wconf 84' lang='lat' dir='ltr'>iiber</span> <span class='ocrx_word' id='word_1_219' title='bbox 867 3240 983 3304; x_wconf 90' lang='lat' dir='ltr'>das</span> <span class='ocrx_word' id='word_1_220' title='bbox 1030 3238 1264 3304; x_wconf 90' lang='lat' dir='ltr'>Wesen</span> <span class='ocrx_word' id='word_1_221' title='bbox 1313 3238 1430 3303; x_wconf 86' lang='lat' dir='ltr'>der</span> <span class='ocrx_word' id='word_1_222' title='bbox 1476 3239 1709 3304; x_wconf 77' lang='lat' dir='ltr'>Gotter</span> <span class='ocrx_word' id='word_1_223' title='bbox 1755 3240 1842 3304; x_wconf 87' lang='lat' dir='ltr'>ist</span> <span class='ocrx_word' id='word_1_224' title='bbox 1901 3240 2002 3304; x_wconf 92' lang='lat' dir='ltr'>ein</span> <span class='ocrx_word' id='word_1_225' title='bbox 2048 3238 2659 3321; x_wconf 84' lang='lat' dir='ltr'>schwerwiegender</span> <span class='ocrx_word' id='word_1_226' title='bbox 2705 3239 2950 3304; x_wconf 87' lang='lat' dir='ltr'>Beweis</span> 
     </span>
     <span class='ocr_line' id='line_1_28' title="bbox 655 3346 2949 3432; baseline -0 -17"><span class='ocrx_word' id='word_1_227' title='bbox 655 3349 866 3431; x_wconf 81' lang='lat' dir='ltr'>dafiir,</span> <span class='ocrx_word' id='word_1_228' title='bbox 933 3348 1088 3413; x_wconf 90' lang='lat' dir='ltr'>dass</span> <span class='ocrx_word' id='word_1_229' title='bbox 1136 3349 1239 3412; x_wconf 91' lang='lat' dir='ltr'>die</span> <span class='ocrx_word' id='word_1_230' title='bbox 1287 3346 1771 3430; x_wconf 85' lang='lat' dir='ltr'>grundlegende</span> <span class='ocrx_word' id='word_1_231' title='bbox 1816 3347 2366 3431; x_wconf 87' lang='lat' dir='ltr'>Voraussetzung‚</span> <span class='ocrx_word' id='word_1_232' title='bbox 2416 3348 2531 3412; x_wconf 89' lang='lat' dir='ltr'>der</span> <span class='ocrx_word' id='word_1_233' title='bbox 2577 3349 2949 3432; x_wconf 83' lang='lat' dir='ltr'>Ausgangs-</span> 
     </span>
     <span class='ocr_line' id='line_1_29' title="bbox 653 3454 2948 3540; baseline -0.001 -18"><span class='ocrx_word' id='word_1_234' title='bbox 653 3463 852 3539; x_wconf 87' lang='lat' dir='ltr'>punct</span> <span class='ocrx_word' id='word_1_235' title='bbox 913 3457 1073 3521; x_wconf 88' lang='lat' dir='ltr'>aller</span> <span class='ocrx_word' id='word_1_236' title='bbox 1122 3455 1536 3536; x_wconf 75' lang='lat' dir='ltr'>Philosophia</span> <span class='ocrx_word' id='word_1_237' title='bbox 1599 3455 1704 3520; x_wconf 91' lang='lat' dir='ltr'>die</span> <span class='ocrx_word' id='word_1_238' title='bbox 1752 3454 2270 3540; x_wconf 83' lang='lat' dir='ltr'>Ueberzeugung</span> <span class='ocrx_word' id='word_1_239' title='bbox 2330 3475 2447 3520; x_wconf 92' lang='lat' dir='ltr'>von</span> <span class='ocrx_word' id='word_1_240' title='bbox 2508 3454 2624 3520; x_wconf 89' lang='lat' dir='ltr'>der</span> <span class='ocrx_word' id='word_1_241' title='bbox 2670 3455 2948 3536; x_wconf 76' lang='lat' dir='ltr'>Unmog-</span> 
     </span>
     <span class='ocr_line' id='line_1_30' title="bbox 657 3564 2951 3632; baseline -0.001 -2"><span class='ocrx_word' id='word_1_242' title='bbox 657 3565 924 3632; x_wconf 88' lang='lat' dir='ltr'>lichkeit</span> <span class='ocrx_word' id='word_1_243' title='bbox 973 3566 1086 3630; x_wconf 92' lang='lat' dir='ltr'>des</span> <span class='ocrx_word' id='word_1_244' title='bbox 1148 3564 1486 3630; x_wconf 89' lang='lat' dir='ltr'>absoluten</span> <span class='ocrx_word' id='word_1_245' title='bbox 1533 3564 1825 3630; x_wconf 88' lang='lat' dir='ltr'>Wissens</span> <span class='ocrx_word' id='word_1_246' title='bbox 1891 3565 2027 3630; x_wconf 89' lang='lat' dir='ltr'>sein</span> <span class='ocrx_word' id='word_1_247' title='bbox 2094 3584 2320 3630; x_wconf 90' lang='lat' dir='ltr'>muss«.</span> <span class='ocrx_word' id='word_1_248' title='bbox 2428 3565 2606 3629; x_wconf 87' lang='lat' dir='ltr'>Haec</span> <span class='ocrx_word' id='word_1_249' title='bbox 2666 3583 2825 3629; x_wconf 85' lang='lat' dir='ltr'>sana</span> <span class='ocrx_word' id='word_1_250' title='bbox 2886 3567 2951 3629; x_wconf 91' lang='lat' dir='ltr'>et</span> 
     </span>
     <span class='ocr_line' id='line_1_31' title="bbox 658 3674 2950 3757; baseline -0.002 -16"><span class='ocrx_word' id='word_1_251' title='bbox 658 3676 901 3757; x_wconf 86' lang='lat' dir='ltr'>optima</span> <span class='ocrx_word' id='word_1_252' title='bbox 946 3681 1131 3754; x_wconf 90' lang='lat' dir='ltr'>sunt;</span> <span class='ocrx_word' id='word_1_253' title='bbox 1194 3674 1455 3741; x_wconf 90' lang='lat' dir='ltr'>verbum</span> <span class='ocrx_word' id='word_1_254' title='bbox 1517 3694 1780 3741; x_wconf 73' lang='lat' dir='ltr'>»causa«</span> <span class='ocrx_word' id='word_1_255' title='bbox 1842 3674 2130 3741; x_wconf 84' lang='lat' dir='ltr'>abundat</span> <span class='ocrx_word' id='word_1_256' title='bbox 2190 3696 2307 3741; x_wconf 91' lang='lat' dir='ltr'>nec</span> <span class='ocrx_word' id='word_1_257' title='bbox 2355 3696 2394 3741; x_wconf 90' lang='lat' dir='ltr'>a</span> <span class='ocrx_word' id='word_1_258' title='bbox 2441 3676 2747 3741; x_wconf 83' lang='lat' dir='ltr'>Cicerone</span> <span class='ocrx_word' id='word_1_259' title='bbox 2793 3674 2950 3740; x_wconf 90' lang='lat' dir='ltr'>scri-</span> 
     </span>
     <span class='ocr_line' id='line_1_32' title="bbox 658 3784 2948 3868; baseline 0 -19"><span class='ocrx_word' id='word_1_260' title='bbox 658 3790 838 3866; x_wconf 87' lang='lat' dir='ltr'>ptum</span> <span class='ocrx_word' id='word_1_261' title='bbox 884 3786 1000 3851; x_wconf 89' lang='lat' dir='ltr'>sed</span> <span class='ocrx_word' id='word_1_262' title='bbox 1060 3786 1353 3866; x_wconf 88' lang='lat' dir='ltr'>spurium</span> <span class='ocrx_word' id='word_1_263' title='bbox 1401 3791 1517 3850; x_wconf 87' lang='lat' dir='ltr'>est.</span> <span class='ocrx_word' id='word_1_264' title='bbox 1608 3787 1818 3867; x_wconf 89' lang='lat' dir='ltr'>Atque</span> <span class='ocrx_word' id='word_1_265' title='bbox 1864 3786 2033 3865; x_wconf 89' lang='lat' dir='ltr'>iam,</span> <span class='ocrx_word' id='word_1_266' title='bbox 2095 3786 2263 3852; x_wconf 92' lang='lat' dir='ltr'>unde</span> <span class='ocrx_word' id='word_1_267' title='bbox 2313 3791 2522 3851; x_wconf 86' lang='lat' dir='ltr'>ortum</span> <span class='ocrx_word' id='word_1_268' title='bbox 2570 3787 2685 3868; x_wconf 85' lang='lat' dir='ltr'>sit,</span> <span class='ocrx_word' id='word_1_269' title='bbox 2734 3784 2948 3851; x_wconf 75' lang='lat' dir='ltr'>Osten-</span> 
     </span>
     <span class='ocr_line' id='line_1_33' title="bbox 660 3892 2948 3976; baseline 0.002 -20"><span class='ocrx_word' id='word_1_270' title='bbox 660 3892 903 3972; x_wconf 81' lang='lat' dir='ltr'>demus.</span> <span class='ocrx_word' id='word_1_271' title='bbox 996 3892 1281 3960; x_wconf 91' lang='lat' dir='ltr'>Primum</span> <span class='ocrx_word' id='word_1_272' title='bbox 1341 3894 1508 3958; x_wconf 91' lang='lat' dir='ltr'>enim</span> <span class='ocrx_word' id='word_1_273' title='bbox 1573 3893 1636 3958; x_wconf 92' lang='lat' dir='ltr'>in</span> <span class='ocrx_word' id='word_1_274' title='bbox 1687 3894 1905 3959; x_wconf 88' lang='lat' dir='ltr'>codice</span> <span class='ocrx_word' id='word_1_275' title='bbox 1953 3893 2062 3973; x_wconf 88' lang='lat' dir='ltr'>B,</span> <span class='ocrx_word' id='word_1_276' title='bbox 2131 3912 2256 3974; x_wconf 91' lang='lat' dir='ltr'>quo</span> <span class='ocrx_word' id='word_1_277' title='bbox 2301 3913 2426 3961; x_wconf 88' lang='lat' dir='ltr'>uno</span> <span class='ocrx_word' id='word_1_278' title='bbox 2472 3899 2644 3959; x_wconf 88' lang='lat' dir='ltr'>teste</span> <span class='ocrx_word' id='word_1_279' title='bbox 2690 3894 2948 3976; x_wconf 88' lang='lat' dir='ltr'>utimur,</span> 
     </span>
     <span class='ocr_line' id='line_1_34' title="bbox 661 4002 2950 4084; baseline -0.001 -14"><span class='ocrx_word' id='word_1_280' title='bbox 661 4007 809 4071; x_wconf 84' lang='lat' dir='ltr'>ante</span> <span class='ocrx_word' id='word_1_281' title='bbox 844 4002 1129 4067; x_wconf 90' lang='lat' dir='ltr'>»variae«</span> <span class='ocrx_word' id='word_1_282' title='bbox 1162 4003 1347 4067; x_wconf 92' lang='lat' dir='ltr'>deest</span> <span class='ocrx_word' id='word_1_283' title='bbox 1377 4007 1613 4082; x_wconf 82' lang='lat' dir='ltr'>»tam‹&lt;;</span> <span class='ocrx_word' id='word_1_284' title='bbox 1659 4003 1890 4069; x_wconf 90' lang='lat' dir='ltr'>deinde</span> <span class='ocrx_word' id='word_1_285' title='bbox 1922 4002 2182 4070; x_wconf 85' lang='lat' dir='ltr'>verbum</span> <span class='ocrx_word' id='word_1_286' title='bbox 2220 4022 2484 4070; x_wconf 76' lang='lat' dir='ltr'>»causa«</span> <span class='ocrx_word' id='word_1_287' title='bbox 2528 4002 2950 4084; x_wconf 84' lang='lat' dir='ltr'>grammatica</span> 
     </span>
     <span class='ocr_line' id='line_1_35' title="bbox 657 4110 2948 4195; baseline 0.001 -19"><span class='ocrx_word' id='word_1_288' title='bbox 657 4112 912 4177; x_wconf 89' lang='lat' dir='ltr'>ratione</span> <span class='ocrx_word' id='word_1_289' title='bbox 960 4110 1042 4175; x_wconf 89' lang='lat' dir='ltr'>ad</span> <span class='ocrx_word' id='word_1_290' title='bbox 1088 4112 1453 4177; x_wconf 88' lang='lat' dir='ltr'>continuam</span> <span class='ocrx_word' id='word_1_291' title='bbox 1502 4112 1861 4178; x_wconf 89' lang='lat' dir='ltr'>orationem</span> <span class='ocrx_word' id='word_1_292' title='bbox 1927 4111 2184 4177; x_wconf 88' lang='lat' dir='ltr'>minime</span> <span class='ocrx_word' id='word_1_293' title='bbox 2230 4111 2780 4180; x_wconf 88' lang='lat' dir='ltr'>accommodatum</span> <span class='ocrx_word' id='word_1_294' title='bbox 2828 4117 2948 4195; x_wconf 86' lang='lat' dir='ltr'>est,</span> 
     </span>
     <span class='ocr_line' id='line_1_36' title="bbox 656 4218 2952 4322; baseline 0 -37"><span class='ocrx_word' id='word_1_295' title='bbox 656 4226 857 4322; x_wconf 63' lang='lat' dir='ltr'>eatque</span> <span class='ocrx_word' id='word_1_296' title='bbox 905 4219 1099 4285; x_wconf 87' lang='lat' dir='ltr'>etiam</span> <span class='ocrx_word' id='word_1_297' title='bbox 1147 4220 1374 4302; x_wconf 88' lang='lat' dir='ltr'>copula</span> <span class='ocrx_word' id='word_1_298' title='bbox 1423 4219 1853 4288; x_wconf 83' lang='lat' dir='ltr'>desideratur.</span> <span class='ocrx_word' id='word_1_299' title='bbox 1939 4219 2115 4297; x_wconf 83' lang='lat' dir='ltr'>Quae</span> <span class='ocrx_word' id='word_1_300' title='bbox 2162 4239 2306 4290; x_wconf 87' lang='lat' dir='ltr'>cum</span> <span class='ocrx_word' id='word_1_301' title='bbox 2352 4222 2445 4288; x_wconf 89' lang='lat' dir='ltr'>ita</span> <span class='ocrx_word' id='word_1_302' title='bbox 2492 4221 2640 4300; x_wconf 89' lang='lat' dir='ltr'>sint,</span> <span class='ocrx_word' id='word_1_303' title='bbox 2690 4218 2952 4287; x_wconf 90' lang='lat' dir='ltr'>dubium</span> 
     </span>
     <span class='ocr_line' id='line_1_37' title="bbox 656 4329 2950 4413; baseline -0.001 -15"><span class='ocrx_word' id='word_1_304' title='bbox 656 4346 804 4398; x_wconf 87' lang='lat' dir='ltr'>esse</span> <span class='ocrx_word' id='word_1_305' title='bbox 837 4347 961 4394; x_wconf 90' lang='lat' dir='ltr'>non</span> <span class='ocrx_word' id='word_1_306' title='bbox 994 4334 1232 4410; x_wconf 85' lang='lat' dir='ltr'>potest,</span> <span class='ocrx_word' id='word_1_307' title='bbox 1283 4329 1433 4411; x_wconf 91' lang='lat' dir='ltr'>quin</span> <span class='ocrx_word' id='word_1_308' title='bbox 1464 4329 1732 4398; x_wconf 89' lang='lat' dir='ltr'>verbum</span> <span class='ocrx_word' id='word_1_309' title='bbox 1761 4348 2024 4400; x_wconf 74' lang='lat' dir='ltr'>»causa«</span> <span class='ocrx_word' id='word_1_310' title='bbox 2055 4329 2215 4396; x_wconf 85' lang='lat' dir='ltr'>nihil</span> <span class='ocrx_word' id='word_1_311' title='bbox 2248 4330 2336 4397; x_wconf 87' lang='lat' dir='ltr'>sit</span> <span class='ocrx_word' id='word_1_312' title='bbox 2369 4330 2493 4400; x_wconf 89' lang='lat' dir='ltr'>nisi</span> <span class='ocrx_word' id='word_1_313' title='bbox 2525 4329 2684 4397; x_wconf 89' lang='lat' dir='ltr'>illud</span> <span class='ocrx_word' id='word_1_314' title='bbox 2729 4335 2950 4413; x_wconf 76' lang='lat' dir='ltr'>»tam«,</span> 
     </span>
     <span class='ocr_line' id='line_1_38' title="bbox 654 4437 2946 4528; baseline 0.003 -25"><span class='ocrx_word' id='word_1_315' title='bbox 654 4437 826 4528; x_wconf 76' lang='lat' dir='ltr'>quod</span> <span class='ocrx_word' id='word_1_316' title='bbox 875 4442 1069 4503; x_wconf 87' lang='lat' dir='ltr'>antea</span> <span class='ocrx_word' id='word_1_317' title='bbox 1115 4438 1421 4504; x_wconf 89' lang='lat' dir='ltr'>omissum</span> <span class='ocrx_word' id='word_1_318' title='bbox 1451 4443 1519 4516; x_wconf 81' lang='lat' dir='ltr'>et</span> <span class='ocrx_word' id='word_1_319' title='bbox 1549 4439 1617 4504; x_wconf 91' lang='lat' dir='ltr'>in</span> <span class='ocrx_word' id='word_1_320' title='bbox 1648 4440 1943 4525; x_wconf 86' lang='lat' dir='ltr'>margine</span> <span class='ocrx_word' id='word_1_321' title='bbox 1976 4440 2375 4521; x_wconf 87' lang='lat' dir='ltr'>adscriptum</span> <span class='ocrx_word' id='word_1_322' title='bbox 2420 4440 2544 4506; x_wconf 85' lang='lat' dir='ltr'>huc</span> <span class='ocrx_word' id='word_1_323' title='bbox 2589 4440 2946 4524; x_wconf 82' lang='lat' dir='ltr'>irrepserit,</span> 
     </span>
     <span class='ocr_line' id='line_1_39' title="bbox 658 4531 2952 4615; baseline 0.001 -5"><span class='ocrx_word' id='word_1_324' title='bbox 658 4531 809 4610; x_wconf 77' lang='lat' dir='ltr'>nam</span> <span class='ocrx_word' id='word_1_325' title='bbox 850 4550 930 4609; x_wconf 80' lang='grc' dir='ltr'>τᾶ</span> <span class='ocrx_word' id='word_1_326' title='bbox 976 4572 1057 4598; x_wconf 90' lang='lat'><strong><em>=</em></strong></span> <span class='ocrx_word' id='word_1_327' title='bbox 1104 4548 1306 4609; x_wconf 77' lang='lat' dir='ltr'>»tam«</span> <span class='ocrx_word' id='word_1_328' title='bbox 1333 4537 1338 4543; x_wconf 76' lang='grc'><strong>’</strong></span> <span class='ocrx_word' id='word_1_329' title='bbox 1365 4550 1433 4610; x_wconf 88' lang='lat' dir='ltr'>et</span> <span class='ocrx_word' id='word_1_330' title='bbox 1496 4553 1573 4612; x_wconf 75' lang='grc' dir='ltr'>σᾶ</span> <span class='ocrx_word' id='word_1_331' title='bbox 1624 4574 1704 4601; x_wconf 83' lang='lat'>=</span> <span class='ocrx_word' id='word_1_332' title='bbox 1751 4563 2019 4615; x_wconf 74' lang='lat' dir='ltr'>»causa«</span> <span class='ocrx_word' id='word_1_333' title='bbox 2084 4545 2392 4613; x_wconf 88' lang='lat' dir='ltr'>facillime</span> <span class='ocrx_word' id='word_1_334' title='bbox 2455 4544 2952 4614; x_wconf 84' lang='lat' dir='ltr'>confunduntur.</span> 
     </span>
    </p>
   </div>
  </div>
 </body>
</html>
