3408 5300
1783 398 1865 458 78

873 573 991 634 159
1020 588 1083 635 1:
1135 566 1518 659 fabricarier
1563 567 1810 652 ensem]
1857 565 2119 660 A³M²2.
2159 565 2467 634 fabricari
2526 567 2847 639 ferensem
2894 567 2985 632 A¹

688 674 847 747 13¹0
888 681 949 740 el
990 681 1060 741 ut
1106 677 1230 742 vid.
1294 677 1409 760 17¹,
1469 676 1781 743 fabricari
1827 675 1998 742 ferre
2045 694 2264 749 ensem
2311 675 2616 759 B2FM¹‚
2683 675 2987 744 fabricari

680 783 909 869 (spser.
959 784 1059 851 vel
1106 786 1270 868 -ier)
1321 785 1496 852 ferro
1549 804 1766 852 ensem
1827 783 1932 855 17³.

866 895 1288 962 Coniecturas
1336 901 1617 978 temptat
1647 896 1903 979 quidem
1950 896 2063 962 sed
2101 915 2223 961 non
2259 897 2351 961 ita
2384 894 2795 977 temerari-a'S,
2840 914 2987 977 pro-

688 1002 979 1083 priarum
1031 1004 1375 1069 lectionum
1429 1003 1551 1070 hae
1603 1002 2061 1070 memorabiles
2106 1009 2297 1070 sunt:

862 1112 892 1177 I
942 1118 1139 1182 7025:
1190 1111 1726 1197 diiunctionibus]
1762 1113 2042 1179 deiunct.
2092 1111 2531 1193 AB²FMJR
2567 1115 2988 1181 deuinctioni-

685 1215 805 1284 bus
859 1216 1032 1297 13¹0,
1082 1216 1620 1291 disiunctionibus
1671 1217 1802 1298 M2,
1850 1219 2156 1283 varietate
2198 1218 2503 1296 sollemni,
2568 1219 2642 1300 ef.
2710 1221 2737 1284 I
2784 1226 2981 1288 4118:

687 1325 994 1411 diiungit]
1042 1325 1397 1391 Muellerus
1425 1330 1606 1406 reete,
1659 1326 1949 1408 deiungit
1997 1327 2071 1390 Z.

704 1420 711 1427 ’
792 1424 795 1427 ⁴
862 1438 939 1498 81
969 1456 1057 1500 18:
1106 1430 1442 1515 defendes]
1479 1430 1833 1498 defendens
1868 1438 1974 1497 eet.
1999 1454 2160 1497 omn.
2186 1433 2323 1498 sine
2353 1454 2564 1515 sensu,
2596 1434 2982 1525 ⁴defenderis

693 1540 805 1608 M2
847 1543 1147 1625 prudenti
1192 1542 1568 1608 coniectura.
1751 1527 1758 1534 ⁶

865 1657 1101 1720 103172
1151 1650 1476 1735 superior]
1529 1650 1653 1734 Μ’,
1704 1652 1921 1734 superi
1968 1658 2076 1716 eet.
2125 1672 2287 1717 omn.

856 1760 920 1824 ΙΙ
967 1764 1126 1829 62⁵:
1176 1758 1288 1824 Μ2
1335 1761 1687 1841 interponit
1740 1760 2086 1842 »ipseque«
2137 1765 2289 1826 ante
2335 1761 2687 1841 »senatui«,
2735 1768 2807 1827 ut
2873 1781 2977 1828 se·

691 1887 894 1951 quens
955 1869 1458 1935 »nuntiavisset«
1523 1868 1770 1933 servari
1832 1868 2058 1951 possit.
2145 1868 2306 1933 Mihi
2368 1887 2617 1951 quoque
2683 1877 2795 1936 aut
2843 1871 2980 1951 hoc,

691 1977 814 2043 etsi
861 1976 1021 2042 nihil
1066 1977 1154 2043 sit
1201 1978 1325 2043 nisi
1370 1978 1764 2057 coniectura,
1816 1983 1929 2043 aut
1965 1996 2185 2044 »cum«
2238 1978 2464 2044 eodem
2495 1979 2636 2045 loco
2666 1979 2980 2061 recipien-

685 2087 835 2153 dum
878 2086 1136 2153 videtur
1191 2105 1352 2154 esse.

862 2196 1192 2266 1116435:
1242 2195 1356 2263 M2
1401 2202 1580 2264 recte
1610 2196 1941 2280 »indigna«
1975 2197 2248 2264 coniecit
2293 2201 2486 2280 atque
2532 2195 2765 2287 posuit.

864 2757 1093 2839 Itaque
1158 2765 1500 2842 postquam
1566 2757 1648 2825 ad
1718 2757 1906 2824 finem
1974 2758 2412 2840 pervenimus,
2476 2757 2677 2823 totius
2743 2756 2988 2822 disser-

687 2866 955 2934 tationis
1001 2873 1263 2934 nostrae
1310 2868 1623 2936 faciamus
1684 2886 1997 2935 summam
2046 2873 2113 2934 et
2157 2869 2604 2952 'monstremus
2665 2867 2834 2932 viam
2903 2884 2978 2931 ac

685 2976 1043 3059 rationem,
1136 2995 1295 3059 quas
1370 2996 1513 3043 eum
1588 2978 1845 3063 ingredi
1921 2996 2078 3060 opus
2152 2996 2297 3044 esse
2373 2993 2793 3054 censeamus,
2872 2975 2976 3056 qui

692 3082 1051 3150 Schwenkii
1121 3091 1442 3168 apparatu
1524 3105 1678 3153 usus
1749 3086 1949 3154 libros
2010 3087 2085 3153 de
2137 3093 2378 3152 natura
2442 3086 2698 3151 deorum
2770 3085 2976 3150 denuo

698 3194 892 3261 edere
938 3193 1113 3260 velit.

866 3303 1161 3370 Vidimus
1207 3305 1443 3390 igitur,
1510 3306 1802 3372 codicum
1869 3310 2234 3372 nostrorum
2304 3305 2581 3371 omnium
2650 3303 2981 3386 archetypi

702 3414 826 3480 duo
887 3413 1218 3481 exstitisse
1283 3413 1678 3496 apographa,
1727 3436 1769 3478 α
1828 3418 1894 3479 et
1940 3415 2002 3497 β.
2093 3413 2274 3480 Haec
2341 3413 2748 3480 restituenda
2817 3417 2984 3488 sunt,

703 3524 897 3602 atque
943 3518 1159 3600 priore
1205 3519 1344 3585 loco
1391 3523 1463 3585 ut
1507 3518 1827 3585 vetustius
1875 3526 2069 3600 atque
2115 3517 2347 3584 melius
2380 3520 2422 3602 β
2455 3516 2812 3601 ponendum
2863 3522 2982 3594 est,

694 3629 875 3694 cuius
952 3646 1145 3693 unum
1215 3629 1655 3713 apographum
1722 3627 1815 3693 B¹
1883 3628 2090 3694 adhuc
2159 3627 2417 3710 quidem
2485 3626 2786 3691 novimus.
2882 3622 2983 3686 Ad

693 3737 970 3803 alterum
1017 3737 1459 3820 apographum
1504 3762 1546 3803 α
1590 3737 2061 3805 restituendum
2110 3740 2418 3820 quattuor
2465 3732 2793 3801 codicibus
2858 3732 2984 3799 uti-

687 3864 872 3913 mur:
919 3845 1199 3932 AGPV,
1262 3866 1529 3931 quorum
1590 3848 1936 3931 plurimum
2005 3846 2220 3913 valent
2276 3844 2332 3910 V
2371 3850 2437 3910 et
2482 3843 2581 3928 A,
2649 3844 2856 3910 minus
2906 3842 2982 3921 P,

694 3956 1020 4023 minimum
1073 3955 1141 4022 0.
1215 3957 1664 4024 Correctorum
1713 3955 1810 4022 A²
1857 3962 1924 4023 et
1969 3953 2097 4038 ΑΒ,
2143 3952 2226 4020 1⁷²
2271 3959 2338 4020 et
2393 3951 2505 4033 V³,
2561 3951 2662 4030 02,
2712 3952 2829 4037 B',
2880 3971 2983 4018 co-

692 4066 905 4133 dicum
952 4065 1022 4130 F
1066 4072 1134 4132 et
1179 4067 1271 4132 Μ
1324 4073 1391 4133 et
1448 4069 1825 4151 plerumque
1888 4066 2081 4131 etiam
2139 4063 2192 4130 0
2240 4065 2553 4130 lectiones
2609 4082 2732 4129 non
2795 4063 2985 4128 aliter

691 4194 766 4241 ac
843 4176 1125 4242 virorum
1210 4175 1549 4244 doctorum
1618 4178 2029 4243 coniecturae
2096 4172 2186 4239 ibi
2252 4173 2507 4239 demum
2574 4169 2980 4238 adhibendae

697 4289 905 4368 erunt,
973 4283 1083 4350 ubi
1130 4291 1246 4353 aut
1291 4310 1333 4350 α
1380 4291 1446 4353 et
1490 4289 1532 4371 β
1596 4286 1863 4372 gravius
1927 4282 2214 4366 corrupti
2258 4287 2408 4348 sunt
2478 4287 2543 4346 et
2605 4280 2699 4345 illi
2762 4297 2981 4345 veram

691 4394 1035 4463 lectionem
1080 4396 1510 4465 restituerunt
1551 4397 1653 4463 vel
1698 4393 2069 4464 restituisse
2116 4392 2471 4469 videantur,
2526 4394 2659 4471 aut,
2718 4388 2872 4473 quid
2938 4410 2984 4453 α

693 4510 761 4582 et
804 4507 846 4589 β
892 4503 1261 4589 habuerint,
1330 4504 1589 4574 dubium
1638 4512 1758 4574 est.
1850 4505 1924 4571 In
1983 4522 2057 4571 re
2128 4499 2624 4584 orthographica
2690 4498 2980 4566 codicum

690 4622 1060 4681 nostrorum
1118 4614 1575 4683 auctoritatem
1621 4616 1860 4684 nullam
1914 4631 2057 4682 esse
2079 4663 2097 4693 ‚
2141 4630 2257 4693 per
2302 4628 2373 4678 se
2415 4609 2768 4693 putandum
2817 4615 2979 4676 erat.
