3408 5300
1477 415 1557 477 79

576 584 914 652 Postremo
976 584 1043 650 id
1111 583 1351 650 addere
1413 602 1696 667 possum,
1762 583 1935 649 idem
2004 583 2339 668 iudicium,
2405 585 2574 667 quod
2620 586 2685 651 in

402 692 588 761 libris
634 694 710 759 de
752 700 990 760 natura
1035 695 1292 760 deorum
1351 693 1432 760 de
1501 693 1722 761 codice
1772 692 1868 758 B¹
1915 691 2277 760 faciendum
2331 712 2477 760 esse
2540 713 2690 780 cog-

406 803 717 884 novimuS‚
767 804 960 871 etiam
1016 803 1081 868 in
1147 801 1331 869 libris
1395 802 1471 867 de
1530 802 1922 867 divinatione
1984 807 2050 868 et
2113 801 2189 866 de
2251 803 2387 884 fato
2453 804 2690 869 valere.

409 913 574 979 Nam
622 932 768 979 cum
814 931 1014 994 nuper
1058 912 1199 994 ipse
1247 930 1390 978 eum
1454 911 1816 977 conferrem
1874 909 2341 994 lectionemque
2404 911 2562 991 eius.‚
2621 917 2695 978 ut

406 1021 750 1105 aliquando
798 1021 1040 1104 publici
1087 1022 1244 1087 iuris
1290 1018 1511 1100 fieret,
1577 1039 1768 1103 quam
1827 1020 2314 1087 accuratissime
2378 1026 2692 1103 notarem,

406 1129 472 1194 in
521 1131 744 1214 quovis
789 1129 941 1196 folio
990 1130 1398 1212 praestantia
1445 1129 1581 1195 eius
1629 1131 1851 1196 eluxit.
1940 1129 2031 1194 Ut
2084 1135 2301 1195 autem
2364 1129 2468 1197 hic
2511 1130 2693 1197 nobi—

415 1235 697 1302 lissimus
745 1236 936 1302 testis
984 1243 1117 1302 tam
1166 1236 1275 1302 diu
1324 1255 1399 1301 ea
1432 1254 1558 1318 qua
1589 1236 1825 1322 dignus
1861 1240 1963 1301 est
1996 1237 2383 1303 auctoritate
2416 1242 2690 1318 careret,

410 1344 585 1411 nulla
633 1342 764 1410 alia
828 1363 1024 1412 causa
1091 1343 1336 1411 factum
1405 1350 1506 1412 est
1568 1345 1692 1411 nisi
1762 1345 2167 1429 neglegentia
2228 1344 2695 1428 philologorum

411 1453 519 1535 qui
566 1473 709 1520 eum
759 1455 1188 1537 contulerunt,
1237 1472 1401 1537 quae
1449 1474 1553 1521 res
1600 1455 1832 1525 iterum
1881 1473 1995 1521 nos
2059 1454 2408 1522 admonere
2477 1454 2691 1535 debet,

407 1581 488 1628 ne
535 1563 835 1644 in‚‚dom0
884 1562 1281 1630 aedificanda
1304 1552 1580 1651 ‘fastigia
1611 1559 1791 1647 prius
1824 1584 2010 1648 quam
2044 1563 2463 1631 fundamenta
2495 1585 2693 1649 pona-

404 1656 566 1752 mus,
615 1692 695 1738 ne
743 1673 825 1740 ad
871 1679 1160 1740 veterum
1205 1673 1407 1741 libros
1452 1673 1886 1741 recensendos
1950 1674 2426 1759 aggrediamur,
2486 1676 2694 1756 prius-

409 1776 599 1864 quam
647 1773 901 1871 ccdices
946 1770 1203 1871 nostres
1236 1770 1436 1868 vquam
1485 1785 1971 1852 accuratissime
2018 1785 2506 1852 excusserimns.

789 2422 1153 2431 00000
