3408 5300
1584 483 1668 544 53

650 655 789 722 Hoc
838 662 1140 721 constare
1186 653 1342 718 mihi
1388 655 1645 719 videtur
1696 655 1942 720 »omnis
1986 659 2211 737 parte«
2263 653 2422 719 nihil
2465 673 2608 720 esse
2655 655 2779 720 nisi

473 765 677 830 »omni
724 783 801 830 ex
845 770 1069 846 parte«
1116 762 1341 828 eodem
1390 762 1576 828 modo
1627 768 2021 845 corruptum,
2084 781 2208 845 quo
2263 769 2382 828 114
2400 791 2454 832 26
2501 763 2775 828 »cauda-

478 892 616 938 rum
664 878 887 954 parte«
946 871 1011 935 in
1060 868 1152 935 Βι
1202 877 1267 935 et
1316 872 1700 937 Arateorum
1748 866 2075 935 codicibus
2146 890 2224 934 ex
2292 871 2682 937 »caudarum
2740 891 2780 936 a

471 988 695 1064 parte«
741 987 807 1048 et
859 986 979 1049 112
1002 1013 1080 1082 ³⁴„
1117 1000 1420 1048 »summa
1448 983 1752 1067 regione«
1800 983 1861 1046 in
1904 981 2200 1072 ABQPV
2241 1002 2318 1047 ex
2362 1001 2647 1048 »summa
2693 984 2771 1048 ab

472 1091 804 1175 regione«,
850 1096 1119 1173 propter
1164 1109 1440 1156 versum.
1490 1091 1717 1171 Itaque
1750 1088 1848 1153 Β2
1896 1090 2351 1156 correctiorem
2390 1095 2772 1159 Arateorum

475 1200 757 1265 codicem
803 1197 1049 1279 habuit,
1100 1218 1289 1280 quam
1337 1206 1489 1265 sunt
1534 1201 1736 1264 nostri
1785 1199 2207 1283 mres-densis
2249 1204 2395 1283 183,
2462 1222 2624 1266 saec.
2678 1203 2774 1286 X)

477 1313 542 1373 et
593 1308 1019 1390 H(arleianus
1079 1310 1258 1389 647,=
1303 1319 1464 1371 saec.
1514 1305 1677 1390 IX).
1768 1306 1993 1388 Neque
2041 1314 2258 1373 tamen
2304 1314 2482 1374 recte
2533 1310 2770 1374 Schoe-

477 1435 746 1483 mannus
797 1418 912 1498 eis,
961 1436 1125 1498 quae
1176 1415 1276 1480 132
1321 1416 1593 1495 addidit,
1645 1435 1801 1482 usus
1846 1417 2141 1499 scripsit:
2211 1418 2446 1484 »Cuius
2507 1427 2776 1508 propter

476 1526 963 1608 laevum'genus
999 1527 1171 1592 omni
1221 1545 1297 1592 ex
1330 1534 1518 1608 parte
1564 1526 1813 1592 locatas
1840 1563 1925 1572 —
1958 1527 2199 1592 Parvas
2234 1527 2558 1609 Vergilias
2608 1547 2661 1592 e.
2712 1547 2771 1609 q.

478 1655 570 1702 s.«
665 1637 738 1701 In
787 1637 1058 1732 eundem
1107 1654 1390 1701 errorem
1442 1635 1747 1717 delapsus
1796 1642 1898 1701 est
1964 1654 2041 1701 ac
2110 1642 2437 1700 corrector
2498 1637 2609 1701 ille
2657 1634 2776 1715 13²,
2846 1669 2848 1672 <

480 1750 587 1830 qui
632 1746 792 1811 nihil
839 1746 1014 1811 aliud
1048 1743 1336 1828 petebat,
1387 1745 1511 1810 nisi
1542 1752 1616 1810 ut
1646 1763 1921 1828 versum,
1972 1745 2073 1811 cui
2107 1746 2349 1827 primus
2379 1765 2494 1827 pes
2528 1746 2774 1826 deerat,

478 1858 804 1940 expleret5
855 1854 935 1920 cf.
987 1855 1182 1920 etiam
1237 1861 1450 1924 11424.
1494 1891 1560 1900 -

669 1971 874 2034 1123:
922 1966 1187 2031 »leviter
1232 1964 1447 2047 posita
1495 1969 1563 2028 et
1609 1983 1890 2029 convexa
1937 1964 2256 2029 videtur«.

659 2076 764 2142 Sic
830 2075 1035 2140 edidit
1096 2075 1416 2151 BaiteruS‚
1467 2072 1565 2138 Β2
1632 2081 1697 2139 et
1747 2076 2127 2139 Arateorum
2177 2075 2433 2140 codices
2496 2080 2779 2154 secutuS‚

486 2186 601 2267 sed
650 2185 804 2267 quid
853 2186 942 2250 sit
992 2185 1266 2250 »leviter
1326 2184 1607 2265 posita«,
1671 2202 1856 2248 nemo
1921 2184 2128 2249 adhuc
2191 2184 2557 2266 explicavit,
2620 2185 2779 2249 nihil

486 2301 604 2360 est.
701 2294 799 2358 Β2
842 2295 1047 2378 igitur
1083 2294 1148 2357 in
1195 2293 1418 2358 codice
1466 2311 1581 2358 suo
1633 2295 2019 2358 Arateorum
2065 2295 2190 2357 iam
2254 2294 2544 2376 eandem,
2617 2314 2778 2376 quae

490 2405 553 2467 in
602 2403 843 2468 nostris
890 2408 1011 2485 est,
1060 2402 1491 2484 corruptelam
1538 2402 1800 2466 invenit.
1868 2401 1996 2467 Sed
2043 2401 2277 2466 leniter
2324 2407 2572 2467 tantum
2605 2403 2783 2467 locus

496 2518 838 2593 corruptus
887 2516 990 2575 est
1033 2516 1229 2592 atque
1277 2511 1622 2576 restitutus
1684 2517 1751 2575 et
1814 2529 1853 2574 a
1903 2510 2366 2591 Schoemanno,
2430 2513 2534 2592 qui
2598 2517 2790 2576 antea

488 2620 616 2687 alia
664 2622 1052 2699 coniecerat,
1102 2621 1164 2685 in
1215 2619 1496 2686 editione
1544 2618 1631 2684 IV
1679 2626 1746 2684 et
1792 2638 1831 2684 a
1876 2617 2279 2685 Baehrensio
2324 2620 2408 2704 in¹
2438 2619 2617 2685 Poet.
2668 2619 2781 2684 lat.

483 2733 634 2796 min.
701 2729 1058 2796 AB¹GPV
1095 2731 1263 2795 enim
1302 2727 1552 2794 habent
1597 2730 1845 2810 »posita
1891 2729 2154 2793 leviter«
2201 2735 2394 2809 atque
2442 2730 2504 2793 in
2536 2728 2600 2792 A
2649 2735 2782 2793 »et«

490 2841 660 2923 quod
707 2842 918 2923 prima
950 2858 1179 2904 manus
1212 2844 1361 2921 post
1394 2840 1696 2903 »leviter«
1729 2839 2103 2919 scripserat,
2154 2837 2236 2902 ab
2270 2839 2477 2903 altera
2525 2857 2778 2903 erasum

493 2955 614 3027 est,
663 2951 899 3032 quippe
950 2969 1091 3014 cum
1137 2949 1248 3013 illo
1293 2949 1432 3013 loco
1482 2967 1709 3013 versus
1742 2945 2006 3013 verbum
2038 2966 2162 3011 non
2197 2946 2418 3012 ferret.
2493 2949 2784 3029 Apparet

495 3066 640 3125 »et«
690 3064 840 3142 post
893 3059 1187 3141 »posita«
1239 3057 1556 3122 excidisse
1605 3063 1802 3138 atque
1851 3054 2259 3120 scribendum
2304 3073 2484 3120 esse:
2532 3057 2780 3138 »posita

496 3175 562 3234 et
609 3169 841 3234 leviter
888 3186 1229 3234 convexa«
1329 3166 1630 3233 Ceterum
1683 3165 1781 3229 132
1828 3166 2102 3246 primum
2151 3163 2374 3229 eodem
2422 3164 2613 3230 modo
2660 3183 2783 3247 quo

491 3275 587 3342 Α2
633 3277 849 3342 deleto
895 3284 1030 3342 »et«
1075 3276 1290 3341 versui
1339 3276 1709 3340 coniectura
1742 3275 1989 3340 mederi
2039 3280 2305 3366 conatus
2339 3291 2501 3352 esse,
2551 3274 2784 3340 deinde

499 3388 741 3470 Aratea
785 3384 1158 3451 adhibuisse
1207 3385 1479 3451 videtur.
1513 3423 1599 3431 -—

665 3497 911 3563 11311:
972 3494 1132 3559 »Hic
1185 3499 1401 3559 autem
1452 3495 1768 3575 aspicitur

1023 3623 1168 3669 sese
1217 3604 1564 3670 ostendens
1610 3595 1893 3687 emergit
1924 3604 2225 3684 Scorpios
2276 3604 2469 3668 alte«

666 3713 847 3779 Haec
895 3715 1142 3781 tradita
1188 3722 1337 3780 sunt
1382 3715 1444 3778 in
1494 3711 1853 3779 AB¹OPV.
1946 3714 2126 3792 Quod
2178 3712 2276 3777 Β2
2323 3720 2571 3777 »autem
2622 3714 2789 3794 aspi-

494 3826 698 3888 citur‹
752 3822 1010 3905 delevit,
1059 3828 1290 3904 aperta
1336 3818 1706 3888 coniectura
1738 3823 1881 3902 fuit,
1931 3841 2055 3905 qua
2088 3841 2311 3888 versus
2343 3822 2788 3888 coniunctione

493 3936 634 3996 »ut«
705 3929 944 3995 omissa
1009 3928 1274 3993 mutilus
1339 3929 1835 4009 restitueretur3
1907 3930 2187 4010 itemque
2257 3930 2320 3993 in
2368 3928 2432 3994 A
2502 3932 2789 3994 minutae

495 4036 769 4102 lineolae
816 4034 1248 4117 superductae
1297 4041 1461 4118 sunt,
1509 4036 1829 4100 incertum
1890 4054 1968 4100 an
2036 4034 2297 4100 delendi
2365 4054 2577 4101 causa.
2671 4035 2787 4103 Ex.

502 4148 686 4211 Arat.
734 4145 974 4219 Phaen.
1021 4144 1435 4226 comparandi
1480 4150 1631 4211 sunt
1666 4146 1901 4211 'versus
1952 4151 2074 4210 303
2123 4164 2240 4210 ss.:

668 4263 842 4337 σῆμα
891 4251 971 4317 δέ
1010 4276 1111 4318 τοι
1158 4257 1383 4338 κείνης
1430 4254 1604 4338 ὥρης
1649 4250 1759 4316 καὶ
1808 4253 2020 4336 μηνὸς
2067 4251 2328 4318 ἐκείνου

669 4364 1035 4449 Σκορπίοςι·“
1058 4359 1394 4425 ἀντέλλων
1441 4365 1543 4444 εἴη
1591 4359 1893 4445 πυμάτης
1940 4358 2045 4425 ἐπὶ
2093 4362 2353 4437 νυκτός.

671 4474 817 4557 ἤτοι
866 4472 992 4555 γὰρ
1037 4468 1205 4555 μέγα
1260 4472 1320 4532 Τ
1315 4469 1471 4549 όξον
1539 4465 1880 4534 ἀνέλκεται
1930 4467 2169 4551 ἐγγύθι
2216 4468 2499 4556 κέντρου

686 4579 1040 4663 Τοξευτής·
1091 4577 1323 4660 ὀλίγον
1379 4574 1452 4641 δὲ
1498 4579 1894 4662 παροίτερος
1938 4577 2195 4643 ἵσταται
2243 4580 2454 4645 αὐτοῦ

687 4692 1024 4775 Σκορπίος
1070 4687 1422 4771 ἀντέλλων,
1467 4688 1502 4753 ὃ
1550 4687 1605 4752 δ’
1624 4686 2000 4773 ,o’cve‘pxewc
2047 4689 2280 4756 αὐτίκα
2327 4693 2602 4777 μᾶλλον.
