3408 5300
1771 373 1855 436 34

700 544 863 625 alia,
930 543 1169 626 partim
1241 548 1461 610 autem
1528 544 1871 625 angulata,
1942 544 2206 611 hamata
2275 545 2598 627 quaedam
2670 551 2738 613 et
2807 545 2995 629 quasi

701 656 971 738 adunca,
1019 673 1098 720 ex
1141 654 1242 719 his
1290 653 1588 720 effectum
1636 672 1781 720 esse
1829 653 2076 720 caelum
2124 661 2319 738 atque
2381 660 2626 722 terram
2686 675 2741 722 e.
2790 673 2848 739 q.
2897 674 2991 721 sa

879 785 1242 852 »Hamata«
1292 802 1416 850 non
1465 791 1566 850 est
1611 785 1675 849 in
1723 783 2083 867 codicibus,
2145 786 2261 852 sed
2320 785 2565 852 habent
2612 783 2991 852 »limmata«

699 891 766 956 A
812 897 879 957 et
923 893 986 957 P
1054 892 1142 978 (in
1209 893 1329 958 hoc
1399 898 1762 959 correctum
1827 898 1930 958 est
1995 891 2399 980 »firmata«),
2471 894 2873 961 ›foi-amata«
2924 890 2994 974 Ο,

706 1005 1051 1067 »curvata«
1124 1001 1359 1068 BFM.
1472 1002 1808 1085 BaiterUS,
1878 1003 2376 1088 Schoemannus,
2445 1004 2673 1087 Mayor
2747 1021 2993 1070 summo

709 1129 1023 1177 consensu
1074 1118 1420 1177 »curvata«
1471 1111 1861 1195 reiecerunt,
1906 1120 2381 1195 praeoccupato
2448 1114 2696 1180 scilicet
2760 1113 2992 1196 animo,

678 1239 844 1287 ⁴cum
891 1228 960 1286 et
1004 1239 1082 1284 ex
1129 1221 1415 1288 codicum
1441 1220 1629 1286 AGP
1654 1222 1929 1288 lectione
1963 1220 2323 1306 ›firamata,
2370 1223 2733 1289 foramata«
2770 1223 2993 1288 arche-

698 1331 921 1409 typum
965 1328 1084 1394 hoc
1132 1328 1273 1394 loco
1320 1333 1692 1410 corruptum
1742 1327 1941 1393 fuisse
1991 1329 2553 1412 coniecturamque
2615 1349 2654 1394 a
2702 1327 2771 1393 B
2814 1323 2984 1411 posi·

690 1437 835 1499 *tam
881 1452 1024 1499 esse
1089 1435 1468 1519 colligerent
1534 1439 1600 1499 et
1669 1433 1923 1500 collatis
1991 1434 2105 1513 εἰει,
2175 1453 2339 1518 quae
2390 1434 2613 1501 Cicero
2660 1433 2818 1498 Luc.
2869 1435 2986 1497 121

703 1538 784 1604 de
831 1539 1074 1605 eisdem
1123 1542 1356 1606 atomis
1404 1540 1597 1605 dicit:
1663 1540 1910 1605 »Docet
1977 1540 2188 1605 omnia
2238 1539 2466 1606 effecta
2537 1559 2681 1605 esse
2743 1544 2996 1619 natura,

686 1664 818 1711 ‘nec
863 1651 935 1711 ut
983 1647 1115 1727 ille,
1164 1648 1270 1730 qui
1319 1648 1569 1729 asperis
1631 1651 1697 1712 et
1761 1645 2009 1712 levibus
2071 1652 2140 1712 et
2200 1646 2481 1712 hamatis
2546 1645 2995 1728 uncinatisque

707 1751 1082 1834 corporibus
1129 1760 1432 1818 concreta
1488 1752 1650 1818 haec
1714 1772 1858 1818 esse
1924 1753 2101 1819 dicat
2156 1753 2500 1819 interiecto
2565 1753 2760 1833 inani,
2832 1771 2887 1819 e.
2935 1769 2995 1835 q.

707 1876 827 1938 s«,
874 1860 978 1924 hic
1022 1878 1273 1942 quoque
1321 1858 1655 1924 »hamata«
1693 1859 2076 1940 corpuscula
2124 1859 2595 1925 desiderarent.
2686 1857 2814 1924 Sed
2858 1858 2990 1940 pri·

701 1986 869 2034 mum
919 1988 1194 2050 quonam
1240 1971 1429 2034 modo
1465 1969 1835 2034 »firamata«
1869 1989 1945 2034 ex
1992 1969 2267 2051 simplici
2302 1969 2646 2034 »hamata«
2695 1965 2835 2033 fieri
2882 1987 2994 2050 po-

700 2075 828 2140 tuit
849 2075 947 2160 1)Ῥ
1038 2075 1285 2141 Deinde
1347 2076 1499 2158 quid
1542 2081 1680 2142 tum
1736 2076 1892 2141 velit
1952 2095 2228 2158 sequens
2302 2075 2618 2158 »quasi‹?
2723 2074 2997 2141 Prorsus

703 2179 938 2247 falsum
1014 2183 1120 2247 sit.
1241 2181 1409 2247 Nam
1477 2201 1620 2248 cum
1693 2180 1887 2248 alteri
1953 2181 2271 2247 adiectivo
2342 2181 2619 2247 alterum
2698 2199 2818 2263 per
2890 2186 3004 2247 »et

703 2289 926 2371 quasi«
978 2309 1016 2354 a
1065 2289 1372 2355 Cicerone
1422 2290 1819 2374 adiungitur,
1868 2309 2124 2372 semper
2170 2309 2246 2355 ea
2296 2294 2398 2355 est
2441 2288 2631 2369 ratio,
2678 2293 2751 2355 ut
2810 2288 2992 2371 prius

702 2398 1031 2482 generalis
1077 2399 1484 2481 usitataeque
1532 2398 1618 2464 sit
1669 2399 1970 2482 notionis,
2019 2399 2344 2480 posterius
2390 2397 2738 2480 specialem
2802 2397 2995 2464 satis-

588 2525 591 2530 ·
709 2525 831 2589 que
876 2508 1102 2573 miram
1167 2507 1370 2573 addat
1436 2509 1583 2592 vim,
1654 2528 1820 2591 quae
1890 2513 1961 2575 ut
2030 2508 2242 2591 aliquo
2310 2508 2497 2574 modo
2567 2506 3000 2590 imminuatur,

707 2616 1019 2683 orationis
1087 2615 1424 2683 urbanitas
1494 2619 1825 2700 postulare
1893 2619 2163 2685 videtur.
2283 2617 2479 2683 Cuius
2543 2615 2642 2682 rei
2712 2614 3002 2699 exempla

703 2727 934 2807 omnia,
962 2745 1124 2809 quae
1156 2728 1219 2792 in
1254 2726 1436 2794 libris
1469 2727 1550 2793 ad
1582 2728 2053 2810 philosophiam
2088 2726 2539 2810 spectantibus
2570 2727 2999 2805 inveniuntur,

706 2834 812 2902 hic
859 2834 1190 2902 conferas:

875 2966 952 3029 de
1016 2970 1150 3031 nat.
1214 2965 1499 3033 deor.·11
1551 2973 1710 3032 144:
1779 2966 1949 3033 »Sed
2020 2967 2217 3034 duros
2282 2973 2350 3033 et
2412 2966 2596 3050 quasi
2664 2964 3000 3032 corneolos

702 3071 949 3139 habent
995 3072 1246 3159 (aures)
1291 3074 1596 3139 introitus
1643 3093 1701 3140 e.
1750 3091 1810 3155 q.
1858 3091 1949 3138 s.«

878 3205 953 3269 de
997 3204 1123 3268 div.
1170 3204 1201 3268 I
1252 3208 1411 3270 130:
1474 3204 1679 3269 »Nam
1751 3205 1806 3270 si
1871 3202 2205 3269 obscurior
2270 3209 2333 3268 et
2403 3202 2588 3284 quasi
2652 3199 3003 3283 caliginosa

708 3310 902 3377 stella
948 3309 1274 3376 exstiterit
1320 3330 1374 3377 e.
1423 3331 1483 3394 q.
1533 3330 1626 3377 s«

876 3440 952 3505 de
990 3440 1130 3522 fato
1178 3445 1253 3506 2:
1306 3459 1445 3521 »ea,
1495 3459 1660 3524 quae
1708 3446 1895 3505 erant
1958 3439 2286 3506 cotidiana
2347 3443 2413 3504 et
2461 3438 2647 3521 quasi
2706 3437 2998 3523 legitima
3085 3439 3094 3442 ’

708 3547 894 3615 nobis
941 3568 996 3615 e.
1046 3568 1104 3632 q.
1149 3568 1243 3615 s.‹

880 3681 1036 3745 Luc.
1087 3685 1204 3748 32:
1257 3680 1536 3748 »Volunt
1584 3680 1754 3745 enim
1800 3677 2139 3762 probabile
2187 3679 2431 3762 aliquid
2481 3696 2628 3745 esse
2690 3683 2757 3743 et
2816 3676 3002 3760 quasi

719 3790 1068 3856 verisimile
1116 3809 1171 3855 e.
1218 3809 1277 3873 q.
1327 3809 1420 3856 s«

878 3922 1080 3986 Acad.
1128 3922 1159 3986 I
1207 3926 1316 3987 26:
1372 3941 1489 3987 »ex
1549 3922 1630 3988 iis
1691 3921 1945 4004 (primis
2012 3917 2467 4003 qualitatibus)
2533 3923 2750 3983 autem
2816 3921 2999 3982 ortae

711 4031 931 4098 variae
975 4036 1127 4096 sunt
1173 4036 1240 4095 et
1284 4031 1470 4113 quasi
1515 4031 1944 4097 multiformes
1990 4049 2043 4096 e.
2089 4048 2149 4112 q.
2198 4047 2291 4096 ss

874 4138 1049 4204 Lael.
1096 4144 1211 4203 48:
1264 4139 1411 4222 »qui
1460 4139 1763 4205 virtutem
1826 4139 2049 4204 duram
2120 4141 2188 4201 et
2253 4137 2440 4219 quasi
2510 4133 2789 4200 ferream
2856 4149 3003 4198 esse

707 4249 1028 4330 quandam
1076 4250 1292 4313 volunt
1340 4268 1392 4314 e.
1444 4267 1503 4331 q.
1548 4268 1642 4315 s.«

888 4491 939 4562 1)
978 4491 1175 4561 Mayor
1212 4491 1440 4559 quidem
1506 4491 1828 4547 »firamata«
1891 4507 1958 4547 ex
2015 4490 2434 4561 ›pyramidata‚
2490 4489 2751 4544 hamata«
2811 4487 2997 4543 ortum

667 4602 783 4641 esse
823 4588 1007 4655 putat.
