3408 5300
622 1557 791 1692 Etsi
841 1597 1003 1663 artis
1051 1596 1314 1661 criticae
1379 1595 1443 1660 in
1491 1595 1819 1663 Ciceronis
1883 1597 2065 1663 libris
2128 1598 2209 1664 ad
2264 1598 2756 1682 philosophiam

439 1704 891 1788 spectantibus
954 1703 1350 1770 exercendae
1406 1703 1496 1768 Io.
1547 1703 1899 1787 Georgium
1944 1704 2274 1770 Baiterum
2323 1710 2390 1770 et
2438 1701 2744 1772 Carolum.

441 1816 771 1881 Halmium
818 1814 1100 1880 editione
1149 1832 1265 1877 sua
1310 1811 1644 1877 Turicensi
1692 1813 1902 1877 altera
1949 1813 2275 1895 egregium
2322 1814 2552 1896 iecisse
2589 1815 2739 1880 ‘fun-

443 1926 815 1992 damentum
879 1930 944 1990 et
1006 1923 1086 1988 de
1154 1922 1484 1988 Ciceronis
1544 1919 1760 1986 verbis
1821 1922 2219 2003 explicandis
2287 1928 2482 2005 atque
2527 1925 2741 1996 „resti-
2805 1908 2809 1914 ¹

444 2033 704 2100 tuendis
765 2033 1004 2114 optime
1051 2030 1319 2096 meritos
1367 2048 1510 2095 esse
1556 2049 1743 2095 nemo
1790 2029 2093 2115 negabit,
2159 2036 2378 2098 tamen
2442 2032 2738 2098 dubitan-

448 2143 599 2208 dum
646 2161 769 2207 non
818 2147 937 2223 est,
984 2141 1133 2222 quin
1183 2140 1354 2204 illius
1402 2139 1704 2204 editionis
1739 2145 2090 2220 apparatus
2123 2140 2386 2207 criticus
2419 2142 2741 2223 philologo

449 2248 817 2314 accuratius
866 2246 1225 2327 disputanti
1272 2264 1394 2310 non
1441 2245 1569 2310 iam
1618 2244 1917 2310 sufficiat.
2012 2245 2128 2311 Cui
2177 2266 2316 2311 cum
2345 2249 2495 2312 'alia
2539 2249 2743 2314 multa

447 2358 718 2437 desunt,
768 2353 999 2436 quibus
1046 2354 1127 2419 ad
1177 2353 1431 2418 codices
1478 2357 1655 2418 recte
1702 2354 2141 2419 aestimandos
2189 2373 2348 2436 opus
2396 2362 2537 2435 est,
2607 2356 2763 2422 tum·

451 2465 532 2531 de
579 2465 989 2543 correcturis,
1037 2483 1201 2546 quae
1246 2464 1485 2545 passim
1535 2464 1594 2526 in
1631 2461 1924 2528 omnibus
1956 2463 2283 2530 codicibus
2315 2465 2743 2542 inveniuntur,

444 2574 582 2640 fere
629 2573 788 2639 nihil
833 2579 948 2639 aut
992 2572 1149 2637 nihil
1199 2573 1358 2638 certi
1409 2573 1676 2653 dicitur3
1756 2580 1980 2638 contra
2051 2576 2305 2639 errores
2366 2593 2491 2639 non
2551 2575 2741 2657 pauci

444 2686 663 2751 insunt
685 2675 753 2766 1).
848 2683 1271 2749 Gaudendum
1319 2683 1521 2767 igitur
1565 2688 1684 2761 est,
1733 2688 2074 2764 postquam
2100 2682 2430 2749 Vahlenus
2461 2685 2526 2749 in
2557 2704 2739 2750 usum

445 2793 748 2859 editionis
794 2807 950 2858 suae
1014 2790 1324 2857 librorum
1380 2791 1455 2855 de
1499 2791 1737 2873 lembus
1806 2791 2061 2856 codices
2128 2792 2365 2857 iterum
2437 2794 2738 2872 excussit,

447 2905 647 2968 virum
696 2902 1138 2967 doctissimum
1169 2901 1238 2964 P.
1275 2900 1891 2983 Schwenkium,
1940 2901 2048 2982 qui
2095 2920 2259 2965 nunc
2307 2900 2739 2968 bibliothecae

444 3014 670 3096 regiae
731 3010 1175 3076 universitatis
1220 3010 1736 3094 Regimontanae
1797 3016 2097 3093 praeest,
2171 3011 2364 3076 etiam
2407 3011 2742 3090 ,librorum

444 3122 520 3187 de
563 3126 801 3185 natura
845 3120 1096 3184 deorum
1144 3120 1397 3184 codices
1445 3119 1652 3184 denuo
1700 3119 2050 3185 contulisse
2107 3139 2451 3202 eorumque
2498 3123 2741 3189 variam

448 3230 787 3296 lectionem
856 3230 921 3292 in
992 3227 1403 3309 ephemeride
1476 3228 1643 3292 The
1714 3228 2125 3293 classical
2191 3230 2521 3295 Revi‘e'w
2596 3234 2746 3298 anni

454 3340 687 3416 1890ss
739 3334 1127 3417 publicasse.
1244 3335 1382 3413 Quo
1444 3341 1762 3416 apparatu
1825 3336 2049 3401 critico
2118 3354 2367 3403 summa
2414 3357 2552 3403 cum
2603 3339 2746 3404 dili-

450 3445 670 3526 gentia
739 3449 934 3525 atque
997 3443 1343 3524 prudentia
1402 3442 1693 3508 confecto
1752 3444 1850 3509 usi
1914 3444 2064 3526 quid
2115 3444 2194 3509 de
2242 3445 2569 3512 codicibus
2614 3465 2751 3510 ma-

446 3554 794 3634 nuscriptis
842 3551 1230 3634 iudicemuS,
1277 3552 1434 3616 mihi
1481 3552 1934 3633 disputandum
1984 3553 2289 3634 proposui
2310 3553 2380 3638 2).
2496 3554 2635 3631 Qua
2680 3554 2743 3618 in

443 3681 516 3726 re
562 3680 662 3725 me
710 3678 833 3725 non
880 3660 1080 3742 fugit,
1128 3660 1429 3740 iudiciuin
1478 3660 1673 3744 illud,
1741 3661 1822 3726 ad
1872 3660 2039 3742 quod
2088 3662 2460 3742 perventuri
2505 3680 2745 3744 sumus,

447 3776 700 3836 tantum
744 3769 809 3834 in
854 3770 955 3835 his
1001 3769 1076 3833 de
1119 3774 1356 3834 natura
1401 3767 1658 3835 deorum
1704 3767 1924 3849 libris,
1984 3788 2111 3834 non
2158 3770 2455 3836 universe
2507 3771 2744 3850 valere,

596 4036 646 4106 1)
686 4034 863 4101 Quam
905 4035 1124 4090 certum
1163 4034 1284 4089 eius
1322 4034 1420 4103 qui
1461 4037 1743 4105 apparatu
1796 4035 1897 4090 illo
1929 4037 2124 4089 utatur
2163 4034 2232 4090 de
2272 4034 2564 4091 codicibus
2605 4031 2748 4090 iudi·

451 4129 598 4185 cium
641 4129 733 4196 sit,
773 4129 1100 4199 intelleges,
1150 4125 1283 4184 si'e.
1318 4148 1402 4200 gr.
1441 4130 1874 4199 comparaveris,
1933 4131 2075 4198 quot
2111 4145 2302 4184 eorum
2343 4113 2753 4199 exemplorum,¹

452 4240 596 4291 quae
640 4223 839 4293 Mayor
875 4223 932 4276 in
978 4223 1251 4277 librorum
1304 4223 1367 4275 de
1407 4229 1521 4276 nat.
1560 4224 1704 4278 deor.
1764 4223 2032 4278 editionis
2089 4221 2376 4277 volumine
2416 4222 2496 4276 111
2549 4222 2622 4277 ad
2661 4239 2749 4277 co·

453 4315 604 4371 dices
641 4316 1023 4371 aestimandos
1045 4316 1210 4397 bona
1247 4316 1356 4371 fide
1395 4316 1615 4382 attulit,
1652 4316 1797 4371 falsa.
1834 4316 1964 4370 sint.
2022 4315 2103 4370 cf.
2142 4315 2317 4370 etiam
2355 4334 2410 4385 p.
2436 4316 2499 4369 21
2544 4315 2672 4371 adn.
2702 4320 2745 4371 l.

591 4411 647 4481 2)
687 4410 950 4465 Codicem
992 4411 1067 4464 B
1086 4425 1306 4464 summa
1346 4410 1690 4465 liberalitate
1729 4409 1839 4466 viri
1878 4394 2187 4496 doctissimi
2230 4409 2412 4463 Guil.
2453 4408 2541 4463 du
2578 4410 2748 4476 Rieu

452 4502 736 4557 Leidensis
793 4503 1127 4574 Gottingam
1179 4504 1411 4557 missum
1471 4501 1575 4556 hae
1640 4492 2036 4558 dissertatione
2098 4502 2207 4557 iam
2268 4488 2579 4574 composita
2629 4502 2749 4610 ipse

450 4613 674 4666 quoque
712 4597 945 4653 contuli.
1023 4597 1104 4653 Cf.
1143 4617 1196 4668 p.
1245 4599 1330 4652 79.

407 4788 533 4854 921>
586 4791 641 4832 ’λ
706 4799 747 4848 ..¹

394 4871 449 4884 ι...-
488 4857 537 4886 κξ
602 4871 649 4882 »Δ

583 4923 749 5019 32:25

447 4999 1003 5224 ⁸(RECAP)⁸
