3408 5300
1742 403 1822 464 16

632 567 877 661 {Etiam⁸
901 568 995 658 M
1027 575 1383 638 correctam
1405 578 1409 582 ’
1430 571 1777 639 lectionem
1820 571 2040 654 habet,
2074 578 2179 646 ut
2225 571 2309 639 ab
2352 573 2542 639 initio
2582 571 2931 640 verisimile

630 672 752 756 sit,
808 694 963 743 eum
1009 675 1225 758 aliqua
1283 675 1602 746 affinitate
1662 697 1807 745 cum
1851 677 1994 745 BF
2053 678 2458 746 coniunctum
2521 696 2703 763 esse,
2772 696 2923 745 nam

638 784 942 866 propriae
989 787 1256 868 originis
1301 806 1426 854 non
1473 793 1591 854 est.
1634 820 1720 835 —·-
1809 850 1810 853 ,
2477 840 2480 843 -

809 894 875 959 II
923 900 998 959 15
1020 915 1114 965 ιο
1187 895 1368 973 Quae
1433 904 1792 979 sequuntur
1839 897 2102 965 verbum
2166 844 2796 965 »vicissitudinibus«
2860 899 2927 964 in

635 999 965 1069 codicibus
1011 1021 1203 1084 quam
1247 1004 1425 1069 vaiie
1472 1006 1875 1087 transposita
1921 1007 2088 1090 sint,
2145 1007 2502 1073 Schwenkii
2549 1006 2777 1074 tabula
2821 1007 2932 1073 de-

638 1114 976 1176 monstrat.
1085 1110 1288 1189 Quam
1354 1112 1464 1195 qui
1524 1113 1900 1198 diligentius
1945 1115 2267 1198 intuetur,
2336 1120 2541 1181 totam
2587 1115 2929 1198 perturba*

638 1218 880 1289 tionem
941 1217 1094 1284 inde
1144 1204 1363 1285 'ortam
1424 1238 1571 1286 esse
1632 1221 1951 1300 inveniet,
2020 1221 2190 1303 quod
2260 1222 2325 1286 in
2390 1222 2741 1305 archetypo
2805 1223 2931 1290 duo

642 1325 1164 1393 membranarum
1231 1326 1561 1405 fasciculi,
1628 1342 1895 1411 quorum
1960 1333 2233 1412 uterque
2279 1331 2701 1417 septuaginta
2742 1351 2934 1414 para·

643 1436 931 1522 graphos
963 1435 1532 1520 complectebatur,
1579 1437 1721 1503 loco
1752 1456 1868 1509 suo
1913 1440 2072 1504 moti
2119 1444 2190 1506 et
2229 1440 2401 1506 inter
2444 1458 2516 1506 se
2563 1442 2937 1507 commutati

640 1549 812 1612 sunt.
904 1544 1276 1611 Fasciculus
1346 1547 1513 1612 enim
1581 1546 1780 1629 aliqui
1843 1544 2189 1615 finiebatur
2243 1547 2307 1613 in
2352 1547 2570 1614 media
2613 1549 2938 1616 sententia

641 1655 838 1723 verbo
906 1653 1536 1721 »vicissitudinibus«
1611 1661 1686 1720 15
1708 1684 1804 1735 ιο,
1880 1656 2051 1721 alter
2085 1724 2088 1725 γ
2119 1654 2493 1723 continebat
2543 1661 2693 1726 1520
2765 1662 2939 1723 -tarm

646 1765 991 1831 multarum
1037 1782 1291 1831 rerum«
1337 1799 1419 1810 —
1470 1767 1626 1832 861⁸
1675 1762 2011 1830 »ecferant
2054 1763 2362 1848 aliquid«,
2410 1769 2534 1830 663
2581 1763 2787 1830 lineas
2834 1762 2938 1829 ed.

644 1870 884 1956 Orell.,
943 1871 1212 1952 tertiae,
1274 1871 1544 1938 totidem
1609 1870 1942 1955 foliorum,
1991 1876 2147 1954 quot
2191 1870 2475 1938 habebat
2519 1872 2715 1949 alter,
2781 1875 2936 1941 861⁸

648 1999 769 2046 »ex
813 1998 960 2046 sese
1024 1979 1489 2062 perfectiores«
1540 2016 1626 2026 —
1677 1985 1840 2048 1568
1906 1999 2112 2062 »quae
2177 1999 2318 2045 cum
2383 1980 2740 2063 maxima«,
2807 1985 2932 2045 717

639 2088 847 2155 lineas
893 2089 993 2156 ed.
1039 2087 1352 2171 Orell.¹);
1422 2093 1693 2170 quartus
1761 2088 2048 2171 inciepat
2113 2094 2278 2158 156⁸
2326 2087 2541 2156 verbis
2591 2088 2939 2171 »largitate

556 2182 565 2191 ⁴
643 2195 917 2265 fundit«-
1009 2197 1268 2262 Tertius
1315 2196 1424 2261 ille
1471 2215 1693 2263 errore
1735 2197 2152 2280 glutinatoris
2187 2177 2347 2264 'ante
2378 2199 2653 2264 alterum
2687 2198 2938 2281 positus

643 2312 763 2373 est.
855 2305 1037 2384 Quod
1087 2325 1230 2371 cum
1277 2312 1508 2387 postea
1555 2305 2125 2372 animadvertisset
2158 2306 2413 2391 aliquis,
2460 2313 2677 2372 notam
2723 2305 2939 2389 posuit

643 2422 712 2483 et
757 2422 1153 2498 postremam
1202 2416 1393 2496 primi
1441 2414 1735 2481 fasciculi
1768 2415 2157 2481 sententiam
2189 2415 2622 2498 interruptam
2665 2416 2730 2482 in
2770 2435 2935 2483 mar·

639 2525 793 2609 gine:
851 2525 1189 2607 archetypi
1260 2525 1342 2590 ad
1401 2522 1589 2591 finem
1660 2525 1982 2607 perduxit.
2090 2526 2319 2607 Itaque
2362 2525 2459 2590 B²
2523 2525 2939 2608 interrumpit

646 2633 899 2701 demum
968 2638 1119 2716 post
1189 2639 1442 2701 »motus
1501 2632 1888 2717 gubernari«
1959 2639 2146 2718 1528,
2214 2633 2442 2717 incipit
2508 2643 2725 2702 autem
2791 2638 2942 2717 post

648 2745 912 2811 tertium
974 2744 1351 2811 fasciculum
1414 2744 1578 2811 falso
1637 2745 1921 2811 secundo
1984 2744 2125 2811 loco
2192 2744 2474 2827 positum
2533 2745 2667 2811 iam
2728 2743 2941 2812 verbis

647 2859 820 2920 »tam
868 2855 1255 2920 multarum«
1291 2859 1366 2919 15
1389 2884 1465 2934 20,
1512 2860 1585 2920 ut
1629 2854 1830 2920 verba
1878 2863 2052 2930 »tam
2084 2853 2944 2938 multarum—gubernari·

648 2962 748 3029 bis
781 2962 1122 3030 exhibeat.
1218 2963 1310 3028 Ab
1358 2964 1569 3029 altera
1613 2968 1808 3044 parte
1849 2968 2028 3030 stant
2069 2962 2333 3044 AGPV,
2393 2964 2569 3047 (nam
2615 2963 2781 3046 quod
2829 2963 2940 3030 de-

647 3079 798 3152 sunt
840 3074 906 3139 in
940 3074 1080 3154 PV,
1128 3078 1203 3139 ut
1246 3078 1398 3140 sunt
1442 3074 1687 3156 passim
1735 3074 2041 3155 mutilati,
2086 3075 2337 3156 priores
2380 3079 2604 3156 partes
2649 3072 2800 3139 libri
2846 3093 2945 3140 se·

649 3183 867 3266 cundi,
909 3182 1013 3247 vix
1057 3182 1257 3248 ullam
1302 3180 1768 3248 dubitationem
1816 3181 2051 3250 afferre
2095 3189 2331 3266 potest,
2378 3202 2520 3249 cum
2553 3183 2699 3250 aliis
2728 3181 2948 3249 multis

647 3292 850 3360 rebus
898 3311 1042 3360 cum
1086 3290 1212 3357 AG
1252 3292 1458 3358 artius
1502 3292 1763 3374 cognati
1808 3311 1952 3360 esse
1997 3292 2162 3360 satis
2205 3291 2610 3378 probentur),
2668 3292 2776 3375 qui
2821 3309 2947 3357 non

656 3492 839 3547 771⁷:
894 3490 956 3545 ni
992 3489 1101 3561 ita]
1140 3489 1284 3545 mita
1320 3490 1438 3562 1²¹3
1489 3491 1543 3544 B
1582 3490 1685 3548 hoc
1724 3491 1848 3548 loco
1884 3509 1920 3546 n
1959 3493 2018 3548 et
2055 3492 2079 3547 n·
2113 3508 2223 3550 non
2264 3491 2401 3547 satis
2437 3490 2724 3559 distinxit,
2773 3491 2840 3546 ut
2875 3487 2957 3546 fa·

803 3585 1016 3642 cillime
1054 3601 1157 3657 pro
1195 3604 1246 3638 m
1287 3585 1622 3642 habeantur.

657 3674 847 3731 8226:
902 3676 1129 3746 faelem]
1170 3676 1499 3747 paelemF3
1538 3676 1598 3732 in
1628 3677 1682 3730 B
1722 3676 1826 3733 hoe
1865 3676 1989 3733 loco
2026 3676 2298 3745 litteras
2323 3675 2551 3732 litterae
2585 3692 2624 3745 p
2662 3671 2954 3728 simillima

788 3772 892 3825 est.

646 3864 825 3920 8521:
880 3863 1002 3920 eius
1040 3881 1142 3936 per
1181 3863 1555 3936 compendium
1588 3868 1645 3919 οἵ
1677 3864 1735 3918 Β
1773 3863 1828 3920 ei
1866 3865 1940 3922 F.

649 3958 717 4012 91
741 3970 806 4014 ⁹:
845 3956 1097 4028 luberet]
1137 3956 1343 4017 liberet
1379 3959 1437 4014 B
1474 3959 1697 4030 lyberet
1733 3959 1803 4015 F.

653 4052 710 4108 11
749 4054 933 4111 8120:
984 4056 1046 4110 et
1080 4070 1150 4110 ex
1188 4071 1395 4110 sese—
1417 4053 1713 4126 appellent
1756 4071 1842 4107 om
1878 4053 1960 4119 F;
2028 4053 2087 4108 in
2125 4053 2179 4106 B
2215 4068 2405 4107 uersus
2439 4047 2785 4104 dividuntur.
2832 4048 2950 4121 posl

794 4149 923 4203 sent
980 4149 1041 4204 et
1091 4163 1158 4204 ex
1202 4164 1320 4203 sese
1361 4188 1375 4203 .
1415 4187 1431 4203 .
1468 4187 1481 4201 .
1520 4147 1713 4218 appel}
1723 4145 1845 4202 lent
1896 4147 2015 4201 ut.

794 4240 1051 4298 Sescenti
1106 4245 1301 4298 autem
1357 4245 1490 4298 sunt
1525 4242 1654 4307 loci,
1694 4241 1902 4312 quibus
1939 4240 2000 4295 F
2037 4240 2272 4312 recepit,
2305 4254 2452 4309 quae
2490 4235 2568 4292 Β*
2614 4234 2951 4308 corrigendo

793 4336 1148 4407 depravavit.
1220 4336 1347 4393 Vid‘.
1395 4337 1567 4394 etiarn
1607 4356 1665 4408 p.
1696 4336 1784 4392 19.

806 4428 854 4497 l)
896 4427 1146 4497 Numeri,
1187 4430 1291 4485 668
1321 4430 1380 4485 et
1409 4430 1534 4495 717,
1572 4428 1929 4497 aliquantum
1972 4424 2256 4493 differunt,
2296 4423 2445 4494 quod
2485 4423 2548 4480 in
2577 4422 2754 4480 tertio
2791 4419 2954 4476 faeci·

649 4519 795 4588 culo,
834 4519 934 4575 ubi
978 4521 1143 4577 multi
1183 4539 1374 4578 versus
1413 4539 1539 4577 cum
1580 4519 1683 4576 alii
1722 4521 1845 4575 tum
1888 4518 2083 4574 Aratei
2120 4518 2269 4583 sunt,
2319 4515 2518 4573 Orellii
2558 4516 2746 4573 lineae
2784 4530 2954 4587 saepe

652 4628 762 4669 non
802 4614 930 4684 plus
967 4632 1144 4670 unum
1181 4614 1274 4671 vel
1313 4613 1425 4671 duo
1463 4614 1555 4671 vel
1592 4612 1708 4670 tria.
1745 4612 1923 4670 verba
1961 4610 2272 4667 continent.
