<?xml version="1.0" encoding="UTF-8"?>
<!DOCTYPE html PUBLIC "-//W3C//DTD XHTML 1.0 Transitional//EN"
    "http://www.w3.org/TR/xhtml1/DTD/xhtml1-transitional.dtd">
<html xmlns="http://www.w3.org/1999/xhtml" xml:lang="en" lang="en">
 <head>
  <title>
</title>
<meta http-equiv="Content-Type" content="text/html;charset=utf-8" />
  <meta name='ocr-system' content='tesseract 3.04.00' />
  <meta name='ocr-capabilities' content='ocr_page ocr_carea ocr_par ocr_line ocrx_word'/>
</head>
<body>
  <div class='ocr_page' id='page_1' title='image "./deciceronislibr02diecgoog_0029.png"; bbox 0 0 3408 5300; ppageno 0'>
   <div class='ocr_carea' id='block_1_1' title="bbox 1545 389 1641 466">
    <p class='ocr_par' dir='ltr' id='par_1_1' title="bbox 1545 389 1641 466">
     <span class='ocr_line' id='line_1_1' title="bbox 1545 389 1641 466; baseline 0.01 -1"><span class='ocrx_word' id='word_1_1' title='bbox 1545 389 1641 466; x_wconf 63' lang='lat'>29²</span> 
     </span>
    </p>
   </div>
   <div class='ocr_carea' id='block_1_2' title="bbox 445 556 2742 770">
    <p class='ocr_par' dir='ltr' id='par_1_2' title="bbox 445 556 2742 770">
     <span class='ocr_line' id='line_1_2' title="bbox 448 556 2742 662; baseline -0.004 -16"><span class='ocrx_word' id='word_1_2' title='bbox 448 561 817 662; x_wconf 76' lang='lat' dir='ltr'>archetypo</span> <span class='ocrx_word' id='word_1_3' title='bbox 847 561 1136 645; x_wconf 80' lang='lat' dir='ltr'>codicum</span> <span class='ocrx_word' id='word_1_4' title='bbox 1183 580 1549 642; x_wconf 81' lang='lat' dir='ltr'>nostrorum</span> <span class='ocrx_word' id='word_1_5' title='bbox 1578 612 1581 615; x_wconf 95' lang='lat'>-</span> <span class='ocrx_word' id='word_1_6' title='bbox 1609 557 2343 642; x_wconf 61' lang='lat' dir='ltr'>male⁷servatum&#39;&#39;fuit.</span> <span class='ocrx_word' id='word_1_7' title='bbox 2381 578 2390 581; x_wconf 73' lang='grc'><em>’</em></span> <span class='ocrx_word' id='word_1_8' title='bbox 2433 573 2601 640; x_wconf 86' lang='lat' dir='ltr'>Nam</span> <span class='ocrx_word' id='word_1_9' title='bbox 2639 556 2742 639; x_wconf 55' lang='lat' dir='ltr'>‘vi-&#39;</span> 
     </span>
     <span class='ocr_line' id='line_1_3' title="bbox 445 668 2740 770; baseline -0.005 -16"><span class='ocrx_word' id='word_1_10' title='bbox 445 680 622 770; x_wconf 81' lang='lat' dir='ltr'>deas,</span> <span class='ocrx_word' id='word_1_11' title='bbox 670 705 835 768; x_wconf 87' lang='lat' dir='ltr'>quae</span> <span class='ocrx_word' id='word_1_12' title='bbox 876 691 1233 769; x_wconf 82' lang='lat' dir='ltr'>sequantur</span> <span class='ocrx_word' id='word_1_13' title='bbox 1278 685 1342 749; x_wconf 93' lang='lat' dir='ltr'>in</span> <span class='ocrx_word' id='word_1_14' title='bbox 1389 681 1755 750; x_wconf 85' lang='lat' dir='ltr'>codicibus:</span> <span class='ocrx_word' id='word_1_15' title='bbox 1961 670 1966 675; x_wconf 72' lang='grc'><strong><em>’</em></strong></span> <span class='ocrx_word' id='word_1_16' title='bbox 2735 668 2740 673; x_wconf 72' lang='grc'>’</span> 
     </span>
    </p>
   </div>
   <div class='ocr_carea' id='block_1_3' title="bbox 445 778 2743 982">
    <p class='ocr_par' dir='ltr' id='par_1_3' title="bbox 445 778 2740 982">
     <span class='ocr_line' id='line_1_4' title="bbox 620 778 2740 895; baseline -0.004 -33"><span class='ocrx_word' id='word_1_17' title='bbox 620 795 747 895; x_wconf 81' lang='lat' dir='ltr'>AG</span> <span class='ocrx_word' id='word_1_18' title='bbox 784 795 1038 860; x_wconf 76' lang='lat' dir='ltr'>habent:</span> <span class='ocrx_word' id='word_1_19' title='bbox 1090 796 1222 861; x_wconf 80' lang='lat' dir='ltr'>»De</span> <span class='ocrx_word' id='word_1_20' title='bbox 1267 814 1393 877; x_wconf 85' lang='lat' dir='ltr'>qua</span> <span class='ocrx_word' id='word_1_21' title='bbox 1437 799 1574 860; x_wconf 88' lang='lat' dir='ltr'>tam</span> <span class='ocrx_word' id='word_1_22' title='bbox 1621 792 1843 859; x_wconf 86' lang='lat' dir='ltr'>variae</span> <span class='ocrx_word' id='word_1_23' title='bbox 1890 792 2021 858; x_wconf 85' lang='lat' dir='ltr'>sint</span> <span class='ocrx_word' id='word_1_24' title='bbox 2067 778 2245 876; x_wconf 85' lang='lat' dir='ltr'>(sunt</span> <span class='ocrx_word' id='word_1_25' title='bbox 2283 788 2391 875; x_wconf 76' lang='lat'>0²)</span> <span class='ocrx_word' id='word_1_26' title='bbox 2439 789 2740 855; x_wconf 85' lang='lat' dir='ltr'>doctissi-</span> 
     </span>
     <span class='ocr_line' id='line_1_5' title="bbox 445 890 2743 982; baseline -0.002 -15"><span class='ocrx_word' id='word_1_27' title='bbox 445 890 692 967; x_wconf 88' lang='lat' dir='ltr'>morum</span> <span class='ocrx_word' id='word_1_28' title='bbox 739 899 1062 967; x_wconf 92' lang='lat' dir='ltr'>hominum</span> <span class='ocrx_word' id='word_1_29' title='bbox 1127 905 1390 980; x_wconf 90' lang='lat' dir='ltr'>tamque</span> <span class='ocrx_word' id='word_1_30' title='bbox 1454 897 1902 979; x_wconf 81' lang='lat' dir='ltr'>discrepantes</span> <span class='ocrx_word' id='word_1_31' title='bbox 1961 896 2321 963; x_wconf 86' lang='lat' dir='ltr'>sententiae</span> <span class='ocrx_word' id='word_1_32' title='bbox 2361 914 2595 982; x_wconf 83' lang='lat' dir='ltr'>magno</span> <span class='ocrx_word' id='word_1_33' title='bbox 2643 915 2743 963; x_wconf 85' lang='lat' dir='ltr'>ar·-</span> 
     </span>
    </p>
   </div>
   <div class='ocr_carea' id='block_1_4' title="bbox 444 996 2740 1091">
    <p class='ocr_par' dir='ltr' id='par_1_4' title="bbox 444 996 2740 1091">
     <span class='ocr_line' id='line_1_6' title="bbox 444 996 2740 1091; baseline -0.001 -18"><span class='ocrx_word' id='word_1_34' title='bbox 444 996 745 1091; x_wconf 83' lang='lat' dir='ltr'>gumento</span> <span class='ocrx_word' id='word_1_35' title='bbox 791 1045 873 1055; x_wconf 94' lang='lat'>—</span> <span class='ocrx_word' id='word_1_36' title='bbox 918 1007 1161 1090; x_wconf 76' lang='lat' dir='ltr'>reliqua</span> <span class='ocrx_word' id='word_1_37' title='bbox 1218 1007 1446 1072; x_wconf 78' lang='lat' dir='ltr'>desunt</span> <span class='ocrx_word' id='word_1_38' title='bbox 1489 1025 1683 1088; x_wconf 78' lang='lat' dir='ltr'>usque</span> <span class='ocrx_word' id='word_1_39' title='bbox 1729 1004 1815 1068; x_wconf 81' lang='lat' dir='ltr'>ad</span> <span class='ocrx_word' id='word_1_40' title='bbox 1858 1004 1892 1088; x_wconf 65' lang='grc' dir='ltr'><strong>ἓ</strong></span> <span class='ocrx_word' id='word_1_41' title='bbox 1940 1010 2018 1072; x_wconf 84' lang='lat'>21</span> <span class='ocrx_word' id='word_1_42' title='bbox 2066 1012 2212 1070; x_wconf 87' lang='lat' dir='ltr'>nam</span> <span class='ocrx_word' id='word_1_43' title='bbox 2260 1010 2326 1070; x_wconf 92' lang='lat' dir='ltr'>et</span> <span class='ocrx_word' id='word_1_44' title='bbox 2394 1004 2473 1069; x_wconf 92' lang='lat' dir='ltr'>de</span> <span class='ocrx_word' id='word_1_45' title='bbox 2517 1001 2740 1086; x_wconf 85' lang='lat' dir='ltr'>figuris</span> 
     </span>
    </p>
   </div>
   <div class='ocr_carea' id='block_1_5' title="bbox 449 1116 2738 1302">
    <p class='ocr_par' dir='ltr' id='par_1_5' title="bbox 449 1116 2738 1302">
     <span class='ocr_line' id='line_1_7' title="bbox 449 1116 1034 1199; baseline -0.009 -16"><span class='ocrx_word' id='word_1_46' title='bbox 449 1116 714 1184; x_wconf 87' lang='lat' dir='ltr'>deorum</span> <span class='ocrx_word' id='word_1_47' title='bbox 762 1136 816 1183; x_wconf 90' lang='lat' dir='ltr'>e.</span> <span class='ocrx_word' id='word_1_48' title='bbox 852 1137 911 1199; x_wconf 88' lang='lat' dir='ltr'>q.</span> <span class='ocrx_word' id='word_1_49' title='bbox 947 1136 996 1183; x_wconf 89' lang='lat' dir='ltr'>s.</span> <span class='ocrx_word' id='word_1_50' title='bbox 1004 1142 1034 1176; x_wconf 84' lang='lat'>«</span> 
     </span>
     <span class='ocr_line' id='line_1_8' title="bbox 619 1202 2738 1302; baseline -0.002 -14"><span class='ocrx_word' id='word_1_51' title='bbox 619 1202 847 1288; x_wconf 88' lang='lat' dir='ltr'>BFM</span> <span class='ocrx_word' id='word_1_52' title='bbox 881 1223 1143 1286; x_wconf 76' lang='lat' dir='ltr'>habent:</span> <span class='ocrx_word' id='word_1_53' title='bbox 1191 1222 1323 1287; x_wconf 79' lang='lat' dir='ltr'>»De</span> <span class='ocrx_word' id='word_1_54' title='bbox 1369 1239 1496 1302; x_wconf 93' lang='lat' dir='ltr'>qua</span> <span class='ocrx_word' id='word_1_55' title='bbox 1539 1221 1759 1285; x_wconf 87' lang='lat' dir='ltr'>variae</span> <span class='ocrx_word' id='word_1_56' title='bbox 1809 1219 1940 1283; x_wconf 88' lang='lat' dir='ltr'>sint</span> <span class='ocrx_word' id='word_1_57' title='bbox 1982 1218 2128 1302; x_wconf 76' lang='lat' dir='ltr'>(B1,</span> <span class='ocrx_word' id='word_1_58' title='bbox 2174 1224 2309 1285; x_wconf 85' lang='lat' dir='ltr'>tam</span> <span class='ocrx_word' id='word_1_59' title='bbox 2341 1219 2559 1286; x_wconf 86' lang='lat' dir='ltr'>variae</span> <span class='ocrx_word' id='word_1_60' title='bbox 2588 1224 2738 1285; x_wconf 88' lang='lat' dir='ltr'>sunt</span> 
     </span>
    </p>
   </div>
   <div class='ocr_carea' id='block_1_6' title="bbox 360 1329 2823 4694">
    <p class='ocr_par' dir='ltr' id='par_1_6' title="bbox 443 1329 2823 2182">
     <span class='ocr_line' id='line_1_9' title="bbox 449 1329 2738 1415; baseline -0.001 -20"><span class='ocrx_word' id='word_1_61' title='bbox 449 1329 729 1415; x_wconf 82' lang='lat' dir='ltr'><em>B2FM)</em></span> <span class='ocrx_word' id='word_1_62' title='bbox 779 1331 1295 1397; x_wconf 79' lang='lat' dir='ltr'>doctissimorum</span> <span class='ocrx_word' id='word_1_63' title='bbox 1370 1330 1693 1394; x_wconf 89' lang='lat' dir='ltr'>hominum</span> <span class='ocrx_word' id='word_1_64' title='bbox 1753 1334 2017 1410; x_wconf 90' lang='lat' dir='ltr'>tamque</span> <span class='ocrx_word' id='word_1_65' title='bbox 2082 1329 2531 1411; x_wconf 82' lang='lat' dir='ltr'>discrepantes</span> <span class='ocrx_word' id='word_1_66' title='bbox 2591 1347 2738 1395; x_wconf 90' lang='lat' dir='ltr'>sen-</span> 
     </span>
     <span class='ocr_line' id='line_1_10' title="bbox 449 1437 2823 1526; baseline 0 -21"><span class='ocrx_word' id='word_1_67' title='bbox 449 1442 693 1506; x_wconf 89' lang='lat' dir='ltr'>tentiae</span> <span class='ocrx_word' id='word_1_68' title='bbox 758 1459 988 1523; x_wconf 85' lang='lat' dir='ltr'>magno</span> <span class='ocrx_word' id='word_1_69' title='bbox 1051 1445 1434 1524; x_wconf 85' lang='lat' dir='ltr'>argumento</span> <span class='ocrx_word' id='word_1_70' title='bbox 1495 1458 1566 1505; x_wconf 88' lang='lat' dir='ltr'>se</span> <span class='ocrx_word' id='word_1_71' title='bbox 1637 1437 1873 1504; x_wconf 86' lang='lat' dir='ltr'>debeat</span> <span class='ocrx_word' id='word_1_72' title='bbox 1920 1438 2063 1525; x_wconf 69' lang='lat'>(13¹,</span> <span class='ocrx_word' id='word_1_73' title='bbox 2110 1446 2182 1504; x_wconf 91' lang='lat' dir='ltr'>ut</span> <span class='ocrx_word' id='word_1_74' title='bbox 2244 1458 2475 1522; x_wconf 84' lang='lat' dir='ltr'>magno</span> <span class='ocrx_word' id='word_1_75' title='bbox 2540 1459 2735 1526; x_wconf 83' lang='lat' dir='ltr'>argu-</span> <span class='ocrx_word' id='word_1_76' title='bbox 2817 1481 2823 1489; x_wconf 84' lang='lat'><em>-</em></span> 
     </span>
     <span class='ocr_line' id='line_1_11' title="bbox 446 1547 2737 1633; baseline 0 -19"><span class='ocrx_word' id='word_1_77' title='bbox 446 1556 664 1615; x_wconf 91' lang='lat' dir='ltr'>mento</span> <span class='ocrx_word' id='word_1_78' title='bbox 710 1567 853 1615; x_wconf 88' lang='lat' dir='ltr'>esse</span> <span class='ocrx_word' id='word_1_79' title='bbox 902 1548 1139 1615; x_wconf 89' lang='lat' dir='ltr'>debeat</span> <span class='ocrx_word' id='word_1_80' title='bbox 1184 1548 1467 1633; x_wconf 78' lang='lat' dir='ltr'><em>B2FM)</em></span> <span class='ocrx_word' id='word_1_81' title='bbox 1515 1567 1711 1615; x_wconf 84' lang='lat' dir='ltr'>causa</span> <span class='ocrx_word' id='word_1_82' title='bbox 1771 1548 2155 1631; x_wconf 85' lang='lat' dir='ltr'>principium</span> <span class='ocrx_word' id='word_1_83' title='bbox 2213 1547 2588 1631; x_wconf 84' lang='lat' dir='ltr'>filosophiae</span> <span class='ocrx_word' id='word_1_84' title='bbox 2654 1548 2737 1614; x_wconf 84' lang='lat' dir='ltr'>ad</span> 
     </span>
     <span class='ocr_line' id='line_1_12' title="bbox 443 1656 2740 1743; baseline 0.001 -21"><span class='ocrx_word' id='word_1_85' title='bbox 443 1656 489 1722; x_wconf 83' lang='lat' dir='ltr'>li</span> <span class='ocrx_word' id='word_1_86' title='bbox 545 1658 883 1723; x_wconf 84' lang='lat' dir='ltr'>scientiam</span> <span class='ocrx_word' id='word_1_87' title='bbox 945 1656 1105 1743; x_wconf 73' lang='lat' dir='ltr'>(B1,</span> <span class='ocrx_word' id='word_1_88' title='bbox 1167 1677 1365 1723; x_wconf 86' lang='lat' dir='ltr'>causa</span> <span class='ocrx_word' id='word_1_89' title='bbox 1425 1663 1492 1723; x_wconf 92' lang='lat' dir='ltr'>et</span> <span class='ocrx_word' id='word_1_90' title='bbox 1552 1658 1933 1739; x_wconf 89' lang='lat' dir='ltr'>principium</span> <span class='ocrx_word' id='word_1_91' title='bbox 1995 1656 2372 1739; x_wconf 85' lang='lat' dir='ltr'>filosophiae</span> <span class='ocrx_word' id='word_1_92' title='bbox 2431 1659 2514 1724; x_wconf 86' lang='lat' dir='ltr'>ad</span> <span class='ocrx_word' id='word_1_93' title='bbox 2574 1659 2740 1724; x_wconf 90' lang='lat' dir='ltr'>hanc</span> 
     </span>
     <span class='ocr_line' id='line_1_13' title="bbox 446 1756 2743 1853; baseline 0.002 -20"><span class='ocrx_word' id='word_1_94' title='bbox 446 1756 782 1833; x_wconf 80' lang='lat' dir='ltr'>scientiam</span> <span class='ocrx_word' id='word_1_95' title='bbox 828 1765 946 1846; x_wconf 72' lang='lat' dir='ltr'>B2,</span> <span class='ocrx_word' id='word_1_96' title='bbox 992 1768 1100 1833; x_wconf 83' lang='lat' dir='ltr'>sed</span> <span class='ocrx_word' id='word_1_97' title='bbox 1142 1788 1370 1832; x_wconf 61' lang='lat' dir='ltr'>mamas</span> <span class='ocrx_word' id='word_1_98' title='bbox 1414 1790 1455 1831; x_wconf 83' lang='lat' dir='ltr'>a</span> <span class='ocrx_word' id='word_1_99' title='bbox 1500 1774 1788 1832; x_wconf 77' lang='lat' dir='ltr'>consueto</span> <span class='ocrx_word' id='word_1_100' title='bbox 1833 1774 2174 1833; x_wconf 79' lang='lat' dir='ltr'>correctore</span> <span class='ocrx_word' id='word_1_101' title='bbox 2212 1770 2498 1853; x_wconf 83' lang='lat' dir='ltr'>diversa,</span> <span class='ocrx_word' id='word_1_102' title='bbox 2548 1788 2743 1837; x_wconf 85' lang='lat' dir='ltr'>causa</span> 
     </span>
     <span class='ocr_line' id='line_1_14' title="bbox 445 1874 2741 1971; baseline 0.002 -31"><span class='ocrx_word' id='word_1_103' title='bbox 445 1875 827 1958; x_wconf 89' lang='lat' dir='ltr'>principium</span> <span class='ocrx_word' id='word_1_104' title='bbox 872 1874 1247 1959; x_wconf 89' lang='lat' dir='ltr'>filosophiae</span> <span class='ocrx_word' id='word_1_105' title='bbox 1293 1879 1629 1944; x_wconf 83' lang='lat' dir='ltr'>scientiam</span> <span class='ocrx_word' id='word_1_106' title='bbox 1660 1877 1742 1961; x_wconf 88' lang='lat' dir='ltr'>F,</span> <span class='ocrx_word' id='word_1_107' title='bbox 1792 1897 2052 1943; x_wconf 86' lang='lat' dir='ltr'>causam</span> <span class='ocrx_word' id='word_1_108' title='bbox 2097 1878 2162 1942; x_wconf 91' lang='lat' dir='ltr'>id</span> <span class='ocrx_word' id='word_1_109' title='bbox 2213 1879 2741 1971; x_wconf 86' lang='lat' dir='ltr'>estprincipium</span> 
     </span>
     <span class='ocr_line' id='line_1_15' title="bbox 444 1985 2740 2075; baseline 0.002 -25"><span class='ocrx_word' id='word_1_110' title='bbox 444 1985 889 2069; x_wconf 86' lang='lat' dir='ltr'>philosophiae</span> <span class='ocrx_word' id='word_1_111' title='bbox 936 2007 1080 2054; x_wconf 90' lang='lat' dir='ltr'>esse</span> <span class='ocrx_word' id='word_1_112' title='bbox 1125 1989 1462 2054; x_wconf 89' lang='lat' dir='ltr'>scientiam</span> <span class='ocrx_word' id='word_1_113' title='bbox 1493 1988 1606 2074; x_wconf 90' lang='lat' dir='ltr'>M)</span> <span class='ocrx_word' id='word_1_114' title='bbox 1657 1989 2133 2070; x_wconf 87' lang='lat' dir='ltr'>prudenterque</span> <span class='ocrx_word' id='word_1_115' title='bbox 2181 1988 2546 2059; x_wconf 70' lang='lat' dir='ltr'>achademi..</span> <span class='ocrx_word' id='word_1_116' title='bbox 2594 1988 2740 2075; x_wconf 74' lang='lat' dir='ltr'>(B1,</span> 
     </span>
     <span class='ocr_line' id='line_1_16' title="bbox 448 2094 2740 2182; baseline 0.001 -22"><span class='ocrx_word' id='word_1_117' title='bbox 448 2094 828 2161; x_wconf 87' lang='lat' dir='ltr'>achademia</span> <span class='ocrx_word' id='word_1_118' title='bbox 872 2095 996 2181; x_wconf 55' lang='grc' dir='ltr'>ΒΞ,</span> <span class='ocrx_word' id='word_1_119' title='bbox 1046 2098 1442 2164; x_wconf 90' lang='lat' dir='ltr'>achademici</span> <span class='ocrx_word' id='word_1_120' title='bbox 1493 2098 1590 2182; x_wconf 89' lang='lat' dir='ltr'>F,</span> <span class='ocrx_word' id='word_1_121' title='bbox 1661 2098 2109 2164; x_wconf 86' lang='lat' dir='ltr'>achademicos</span> <span class='ocrx_word' id='word_1_122' title='bbox 2157 2097 2271 2182; x_wconf 74' lang='lat' dir='ltr'>M)</span> <span class='ocrx_word' id='word_1_123' title='bbox 2320 2117 2359 2163; x_wconf 93' lang='lat' dir='ltr'>a</span> <span class='ocrx_word' id='word_1_124' title='bbox 2405 2097 2598 2164; x_wconf 91' lang='lat' dir='ltr'>rebus</span> <span class='ocrx_word' id='word_1_125' title='bbox 2645 2100 2740 2163; x_wconf 90' lang='lat' dir='ltr'>in-</span> 
     </span>
    </p>

    <p class='ocr_par' dir='ltr' id='par_1_7' title="bbox 448 2201 2743 2396">
     <span class='ocr_line' id='line_1_17' title="bbox 450 2201 2743 2329; baseline 0.002 -61"><span class='ocrx_word' id='word_1_126' title='bbox 450 2201 647 2268; x_wconf 87' lang='lat' dir='ltr'>certis</span> <span class='ocrx_word' id='word_1_127' title='bbox 692 2202 1142 2270; x_wconf 86' lang='lat' dir='ltr'>adsensionem</span> <span class='ocrx_word' id='word_1_128' title='bbox 1188 2203 1525 2271; x_wconf 90' lang='lat' dir='ltr'>conbuisse</span> <span class='ocrx_word' id='word_1_129' title='bbox 1574 2203 1722 2286; x_wconf 79' lang='lat' dir='ltr'>(B1,</span> <span class='ocrx_word' id='word_1_130' title='bbox 1770 2205 2178 2272; x_wconf 88' lang='lat' dir='ltr'>conhibuisse</span> <span class='ocrx_word' id='word_1_131' title='bbox 2216 2203 2334 2289; x_wconf 59' lang='grc' dir='ltr'>ΒΞ,</span> <span class='ocrx_word' id='word_1_132' title='bbox 2377 2205 2743 2329; x_wconf 88' lang='lat' dir='ltr'>cohibuisse</span> 
     </span>
     <span class='ocr_line' id='line_1_18' title="bbox 447 2307 687 2396; baseline -0.021 -20.979"><span class='ocrx_word' id='word_1_133' title='bbox 447 2307 650 2396; x_wconf 78' lang='lat' dir='ltr'>FM).</span> <span class='ocrx_word' id='word_1_134' title='bbox 657 2335 687 2370; x_wconf 82' lang='grc'><strong><em>«</em></strong></span> 
     </span>
    </p>

    <p class='ocr_par' dir='ltr' id='par_1_8' title="bbox 360 2420 2742 2945">
     <span class='ocr_line' id='line_1_19' title="bbox 623 2420 2742 2507; baseline 0.001 -20"><span class='ocrx_word' id='word_1_135' title='bbox 623 2420 909 2487; x_wconf 90' lang='lat' dir='ltr'>Primum</span> <span class='ocrx_word' id='word_1_136' title='bbox 953 2422 1156 2507; x_wconf 83' lang='lat' dir='ltr'>igitur</span> <span class='ocrx_word' id='word_1_137' title='bbox 1200 2424 1406 2489; x_wconf 83' lang='lat' dir='ltr'>maior</span> <span class='ocrx_word' id='word_1_138' title='bbox 1451 2424 1686 2490; x_wconf 91' lang='lat' dir='ltr'>lacuna</span> <span class='ocrx_word' id='word_1_139' title='bbox 1733 2429 1834 2490; x_wconf 92' lang='lat' dir='ltr'>est</span> <span class='ocrx_word' id='word_1_140' title='bbox 1880 2425 1943 2489; x_wconf 90' lang='lat' dir='ltr'>in</span> <span class='ocrx_word' id='word_1_141' title='bbox 1976 2422 2116 2502; x_wconf 85' lang='lat' dir='ltr'>AC,</span> <span class='ocrx_word' id='word_1_142' title='bbox 2164 2442 2303 2490; x_wconf 90' lang='lat' dir='ltr'>cum</span> <span class='ocrx_word' id='word_1_143' title='bbox 2351 2423 2427 2502; x_wconf 66' lang='lat' dir='ltr'>ise,</span> <span class='ocrx_word' id='word_1_144' title='bbox 2474 2423 2582 2505; x_wconf 91' lang='lat' dir='ltr'>qui</span> <span class='ocrx_word' id='word_1_145' title='bbox 2628 2424 2742 2490; x_wconf 91' lang='lat' dir='ltr'>ho·</span> 
     </span>
     <span class='ocr_line' id='line_1_20' title="bbox 447 2530 2740 2619; baseline 0.002 -23"><span class='ocrx_word' id='word_1_146' title='bbox 447 2547 588 2596; x_wconf 89' lang='lat' dir='ltr'>rum</span> <span class='ocrx_word' id='word_1_147' title='bbox 636 2530 926 2598; x_wconf 87' lang='lat' dir='ltr'>codicum</span> <span class='ocrx_word' id='word_1_148' title='bbox 973 2534 1393 2616; x_wconf 86' lang='lat' dir='ltr'>archetypum</span> <span class='ocrx_word' id='word_1_149' title='bbox 1440 2534 1538 2619; x_wconf 86' lang='grc' dir='ltr'>(α)</span> <span class='ocrx_word' id='word_1_150' title='bbox 1588 2533 1883 2616; x_wconf 89' lang='lat' dir='ltr'>scripsit,</span> <span class='ocrx_word' id='word_1_151' title='bbox 1932 2535 2135 2599; x_wconf 89' lang='lat' dir='ltr'>multa</span> <span class='ocrx_word' id='word_1_152' title='bbox 2179 2552 2302 2599; x_wconf 90' lang='lat' dir='ltr'>non</span> <span class='ocrx_word' id='word_1_153' title='bbox 2349 2533 2479 2599; x_wconf 82' lang='lat' dir='ltr'>iam</span> <span class='ocrx_word' id='word_1_154' title='bbox 2524 2534 2740 2614; x_wconf 87' lang='lat' dir='ltr'>legere</span> 
     </span>
     <span class='ocr_line' id='line_1_21' title="bbox 446 2641 2735 2726; baseline 0.001 -19"><span class='ocrx_word' id='word_1_155' title='bbox 446 2641 747 2723; x_wconf 84' lang='lat' dir='ltr'>potuerit</span> <span class='ocrx_word' id='word_1_156' title='bbox 780 2647 846 2708; x_wconf 91' lang='lat' dir='ltr'>et</span> <span class='ocrx_word' id='word_1_157' title='bbox 890 2643 1191 2710; x_wconf 86' lang='lat' dir='ltr'>maluerit</span> <span class='ocrx_word' id='word_1_158' title='bbox 1235 2645 1393 2709; x_wconf 89' lang='lat' dir='ltr'>nihil</span> <span class='ocrx_word' id='word_1_159' title='bbox 1439 2643 1724 2710; x_wconf 88' lang='lat' dir='ltr'>scribere</span> <span class='ocrx_word' id='word_1_160' title='bbox 1790 2663 1979 2726; x_wconf 87' lang='lat' dir='ltr'>quam</span> <span class='ocrx_word' id='word_1_161' title='bbox 2027 2643 2390 2726; x_wconf 84' lang='lat' dir='ltr'>fragmenta</span> <span class='ocrx_word' id='word_1_162' title='bbox 2434 2647 2500 2710; x_wconf 89' lang='lat' dir='ltr'>et</span> <span class='ocrx_word' id='word_1_163' title='bbox 2546 2642 2735 2710; x_wconf 88' lang='lat' dir='ltr'>falsa.</span> 
     </span>
     <span class='ocr_line' id='line_1_22' title="bbox 451 2751 2734 2836; baseline 0.002 -20"><span class='ocrx_word' id='word_1_164' title='bbox 451 2751 549 2816; x_wconf 94' lang='lat' dir='ltr'>De</span> <span class='ocrx_word' id='word_1_165' title='bbox 596 2755 781 2836; x_wconf 87' lang='lat' dir='ltr'>signo</span> <span class='ocrx_word' id='word_1_166' title='bbox 830 2772 926 2835; x_wconf 89' lang='lat' dir='ltr'>ea,</span> <span class='ocrx_word' id='word_1_167' title='bbox 973 2771 1137 2835; x_wconf 89' lang='lat' dir='ltr'>quae</span> <span class='ocrx_word' id='word_1_168' title='bbox 1183 2754 1423 2819; x_wconf 86' lang='lat' dir='ltr'>omissa</span> <span class='ocrx_word' id='word_1_169' title='bbox 1454 2758 1626 2833; x_wconf 84' lang='lat' dir='ltr'>sunt,</span> <span class='ocrx_word' id='word_1_170' title='bbox 1676 2754 1740 2817; x_wconf 90' lang='lat' dir='ltr'>in</span> <span class='ocrx_word' id='word_1_171' title='bbox 1773 2756 2080 2835; x_wconf 84' lang='lat' dir='ltr'>margine,</span> <span class='ocrx_word' id='word_1_172' title='bbox 2129 2753 2239 2820; x_wconf 93' lang='lat' dir='ltr'>ubi</span> <span class='ocrx_word' id='word_1_173' title='bbox 2281 2755 2413 2820; x_wconf 85' lang='lat' dir='ltr'>iam</span> <span class='ocrx_word' id='word_1_174' title='bbox 2459 2774 2734 2820; x_wconf 83' lang='lat' dir='ltr'>evanue-</span> 
     </span>
     <span class='ocr_line' id='line_1_23' title="bbox 360 2859 2742 2945; baseline 0.002 -22"><span class='ocrx_word' id='word_1_175' title='bbox 360 2873 370 2880; x_wconf 86' lang='lat'><strong>·</strong></span> <span class='ocrx_word' id='word_1_176' title='bbox 449 2859 602 2944; x_wconf 89' lang='lat' dir='ltr'>rint,</span> <span class='ocrx_word' id='word_1_177' title='bbox 646 2859 872 2925; x_wconf 86' lang='lat' dir='ltr'>addita</span> <span class='ocrx_word' id='word_1_178' title='bbox 917 2860 1116 2926; x_wconf 88' lang='lat' dir='ltr'>fuisse</span> <span class='ocrx_word' id='word_1_179' title='bbox 1164 2859 1587 2944; x_wconf 84' lang='lat' dir='ltr'>significante,</span> <span class='ocrx_word' id='word_1_180' title='bbox 1636 2862 1805 2944; x_wconf 92' lang='lat' dir='ltr'>quod</span> <span class='ocrx_word' id='word_1_181' title='bbox 1853 2862 2154 2927; x_wconf 84' lang='lat' dir='ltr'>Baiterus</span> <span class='ocrx_word' id='word_1_182' title='bbox 2201 2861 2264 2926; x_wconf 93' lang='lat' dir='ltr'>in</span> <span class='ocrx_word' id='word_1_183' title='bbox 2310 2862 2375 2925; x_wconf 91' lang='lat' dir='ltr'><strong><em>A</em></strong></span> <span class='ocrx_word' id='word_1_184' title='bbox 2410 2868 2560 2945; x_wconf 89' lang='lat' dir='ltr'>post</span> <span class='ocrx_word' id='word_1_185' title='bbox 2604 2883 2742 2929; x_wconf 77' lang='lat' dir='ltr'>»ar-</span> 
     </span>
    </p>

    <p class='ocr_par' dir='ltr' id='par_1_9' title="bbox 410 2970 2745 3689">
     <span class='ocr_line' id='line_1_24' title="bbox 455 2970 2745 3054; baseline 0.002 -20"><span class='ocrx_word' id='word_1_186' title='bbox 455 2973 794 3054; x_wconf 80' lang='lat' dir='ltr'>gumento«</span> <span class='ocrx_word' id='word_1_187' title='bbox 840 2970 1172 3051; x_wconf 87' lang='lat' dir='ltr'>adpictum</span> <span class='ocrx_word' id='word_1_188' title='bbox 1235 2989 1379 3036; x_wconf 88' lang='lat' dir='ltr'>esse</span> <span class='ocrx_word' id='word_1_189' title='bbox 1445 2971 1633 3050; x_wconf 87' lang='lat' dir='ltr'>dicit,</span> <span class='ocrx_word' id='word_1_190' title='bbox 1697 2970 2111 3036; x_wconf 87' lang='lat' dir='ltr'>Schwenkius</span> <span class='ocrx_word' id='word_1_191' title='bbox 2173 2971 2329 3034; x_wconf 90' lang='lat' dir='ltr'>nihil</span> <span class='ocrx_word' id='word_1_192' title='bbox 2375 2971 2613 3052; x_wconf 85' lang='lat' dir='ltr'>refert,</span> <span class='ocrx_word' id='word_1_193' title='bbox 2676 2977 2745 3039; x_wconf 88' lang='lat' dir='ltr'>et</span> 
     </span>
     <span class='ocr_line' id='line_1_25' title="bbox 457 3075 2739 3160; baseline 0.003 -19"><span class='ocrx_word' id='word_1_194' title='bbox 457 3094 596 3141; x_wconf 91' lang='lat' dir='ltr'>cum</span> <span class='ocrx_word' id='word_1_195' title='bbox 651 3077 846 3143; x_wconf 88' lang='lat' dir='ltr'>etiam</span> <span class='ocrx_word' id='word_1_196' title='bbox 895 3077 959 3141; x_wconf 92' lang='lat' dir='ltr'>in</span> <span class='ocrx_word' id='word_1_197' title='bbox 1014 3076 1067 3142; x_wconf 82' lang='lat' dir='ltr'><em>G</em></span> <span class='ocrx_word' id='word_1_198' title='bbox 1104 3077 1219 3142; x_wconf 90' lang='lat' dir='ltr'>illa</span> <span class='ocrx_word' id='word_1_199' title='bbox 1265 3075 1462 3142; x_wconf 87' lang='lat' dir='ltr'>verba</span> <span class='ocrx_word' id='word_1_200' title='bbox 1509 3077 1910 3158; x_wconf 90' lang='lat' dir='ltr'>omittantur,</span> <span class='ocrx_word' id='word_1_201' title='bbox 1972 3096 2050 3142; x_wconf 92' lang='lat' dir='ltr'>ne</span> <span class='ocrx_word' id='word_1_202' title='bbox 2097 3079 2160 3142; x_wconf 90' lang='lat' dir='ltr'>in</span> <span class='ocrx_word' id='word_1_203' title='bbox 2207 3102 2249 3142; x_wconf 84' lang='grc' dir='ltr'>α</span> <span class='ocrx_word' id='word_1_204' title='bbox 2297 3080 2552 3160; x_wconf 89' lang='lat' dir='ltr'>quidem</span> <span class='ocrx_word' id='word_1_205' title='bbox 2601 3080 2739 3147; x_wconf 85' lang='lat' dir='ltr'>fue-</span> 
     </span>
     <span class='ocr_line' id='line_1_26' title="bbox 452 3182 2739 3267; baseline 0.002 -18"><span class='ocrx_word' id='word_1_206' title='bbox 452 3191 640 3266; x_wconf 83' lang='lat' dir='ltr'>runt3</span> <span class='ocrx_word' id='word_1_207' title='bbox 710 3185 808 3251; x_wconf 89' lang='lat' dir='ltr'>sin</span> <span class='ocrx_word' id='word_1_208' title='bbox 856 3189 1068 3250; x_wconf 89' lang='lat' dir='ltr'>autem</span> <span class='ocrx_word' id='word_1_209' title='bbox 1116 3185 1180 3249; x_wconf 94' lang='lat' dir='ltr'>in</span> <span class='ocrx_word' id='word_1_210' title='bbox 1227 3186 1347 3250; x_wconf 89' lang='lat' dir='ltr'>hoc</span> <span class='ocrx_word' id='word_1_211' title='bbox 1408 3202 1532 3249; x_wconf 93' lang='lat' dir='ltr'>non</span> <span class='ocrx_word' id='word_1_212' title='bbox 1579 3184 1872 3267; x_wconf 86' lang='lat' dir='ltr'>fuerunt,</span> <span class='ocrx_word' id='word_1_213' title='bbox 1934 3182 2016 3249; x_wconf 85' lang='lat' dir='ltr'>ab</span> <span class='ocrx_word' id='word_1_214' title='bbox 2065 3184 2327 3266; x_wconf 88' lang='lat' dir='ltr'>antiquo</span> <span class='ocrx_word' id='word_1_215' title='bbox 2375 3193 2739 3254; x_wconf 90' lang='lat' dir='ltr'>correctore</span> 
     </span>
     <span class='ocr_line' id='line_1_27' title="bbox 452 3291 2741 3375; baseline 0.001 -17"><span class='ocrx_word' id='word_1_216' title='bbox 452 3291 550 3358; x_wconf 61' lang='lat' dir='ltr'>A*</span> <span class='ocrx_word' id='word_1_217' title='bbox 594 3300 826 3375; x_wconf 90' lang='lat' dir='ltr'>postea</span> <span class='ocrx_word' id='word_1_218' title='bbox 872 3294 1096 3359; x_wconf 82' lang='lat' dir='ltr'>addita</span> <span class='ocrx_word' id='word_1_219' title='bbox 1144 3311 1287 3359; x_wconf 86' lang='lat' dir='ltr'>esse</span> <span class='ocrx_word' id='word_1_220' title='bbox 1335 3312 1460 3357; x_wconf 89' lang='lat' dir='ltr'>non</span> <span class='ocrx_word' id='word_1_221' title='bbox 1506 3297 1814 3374; x_wconf 89' lang='lat' dir='ltr'>possunt,</span> <span class='ocrx_word' id='word_1_222' title='bbox 1878 3310 2020 3356; x_wconf 92' lang='lat' dir='ltr'>cum</span> <span class='ocrx_word' id='word_1_223' title='bbox 2068 3291 2170 3356; x_wconf 90' lang='lat' dir='ltr'>hic</span> <span class='ocrx_word' id='word_1_224' title='bbox 2238 3293 2411 3358; x_wconf 92' lang='lat' dir='ltr'>nullo</span> <span class='ocrx_word' id='word_1_225' title='bbox 2460 3295 2590 3358; x_wconf 83' lang='lat' dir='ltr'>alio</span> <span class='ocrx_word' id='word_1_226' title='bbox 2636 3314 2741 3360; x_wconf 90' lang='lat' dir='ltr'>co-</span> 
     </span>
     <span class='ocr_line' id='line_1_28' title="bbox 410 3399 2741 3486; baseline -0.001 -16"><span class='ocrx_word' id='word_1_227' title='bbox 410 3409 413 3412; x_wconf 77' lang='grc'><strong>’</strong></span> <span class='ocrx_word' id='word_1_228' title='bbox 455 3405 595 3471; x_wconf 91' lang='lat' dir='ltr'>dice</span> <span class='ocrx_word' id='word_1_229' title='bbox 658 3405 782 3470; x_wconf 91' lang='lat' dir='ltr'>nisi</span> <span class='ocrx_word' id='word_1_230' title='bbox 843 3403 956 3469; x_wconf 89' lang='lat' dir='ltr'>illo</span> <span class='ocrx_word' id='word_1_231' title='bbox 1002 3427 1043 3466; x_wconf 88' lang='grc' dir='ltr'>α</span> <span class='ocrx_word' id='word_1_232' title='bbox 1088 3403 1154 3467; x_wconf 88' lang='lat' dir='ltr'>in</span> <span class='ocrx_word' id='word_1_233' title='bbox 1201 3400 1584 3486; x_wconf 83' lang='lat' dir='ltr'>corrigendo</span> <span class='ocrx_word' id='word_1_234' title='bbox 1632 3418 1786 3466; x_wconf 89' lang='lat' dir='ltr'>usus</span> <span class='ocrx_word' id='word_1_235' title='bbox 1834 3400 1922 3465; x_wconf 92' lang='lat' dir='ltr'>sit</span> <span class='ocrx_word' id='word_1_236' title='bbox 1966 3399 2072 3479; x_wconf 86' lang='lat' dir='ltr'>(cf.</span> <span class='ocrx_word' id='word_1_237' title='bbox 2122 3399 2348 3484; x_wconf 88' lang='lat' dir='ltr'>infra);</span> <span class='ocrx_word' id='word_1_238' title='bbox 2415 3402 2637 3484; x_wconf 85' lang='lat' dir='ltr'>itaque</span> <span class='ocrx_word' id='word_1_239' title='bbox 2684 3403 2741 3468; x_wconf 87' lang='lat' dir='ltr'>si</span> 
     </span>
     <span class='ocr_line' id='line_1_29' title="bbox 450 3511 2740 3595; baseline 0 -16"><span class='ocrx_word' id='word_1_240' title='bbox 450 3516 702 3580; x_wconf 92' lang='lat' dir='ltr'>omnino</span> <span class='ocrx_word' id='word_1_241' title='bbox 748 3515 812 3579; x_wconf 91' lang='lat' dir='ltr'>in</span> <span class='ocrx_word' id='word_1_242' title='bbox 863 3514 928 3577; x_wconf 91' lang='lat' dir='ltr'><strong><em>A</em></strong></span> <span class='ocrx_word' id='word_1_243' title='bbox 980 3514 1092 3579; x_wconf 92' lang='lat' dir='ltr'>illa</span> <span class='ocrx_word' id='word_1_244' title='bbox 1137 3512 1338 3579; x_wconf 88' lang='lat' dir='ltr'>verba</span> <span class='ocrx_word' id='word_1_245' title='bbox 1399 3512 1623 3578; x_wconf 87' lang='lat' dir='ltr'>addita</span> <span class='ocrx_word' id='word_1_246' title='bbox 1666 3511 1966 3593; x_wconf 86' lang='lat' dir='ltr'>fuerunt,</span> <span class='ocrx_word' id='word_1_247' title='bbox 2038 3512 2402 3576; x_wconf 88' lang='lat' dir='ltr'>recentiore</span> <span class='ocrx_word' id='word_1_248' title='bbox 2447 3518 2740 3595; x_wconf 87' lang='lat' dir='ltr'>tempore</span> 
     </span>
     <span class='ocr_line' id='line_1_30' title="bbox 450 3623 1072 3689; baseline -0.002 -2"><span class='ocrx_word' id='word_1_249' title='bbox 450 3623 571 3689; x_wconf 91' lang='lat' dir='ltr'>hoc</span> <span class='ocrx_word' id='word_1_250' title='bbox 617 3623 863 3689; x_wconf 88' lang='lat' dir='ltr'>factum</span> <span class='ocrx_word' id='word_1_251' title='bbox 910 3629 1072 3689; x_wconf 87' lang='lat' dir='ltr'>erat.</span> 
     </span>
    </p>

    <p class='ocr_par' dir='ltr' id='par_1_10' title="bbox 439 3731 2744 4694">
     <span class='ocr_line' id='line_1_31' title="bbox 630 3731 2737 3815; baseline 0 -17"><span class='ocrx_word' id='word_1_252' title='bbox 630 3733 869 3798; x_wconf 86' lang='lat' dir='ltr'>Contra</span> <span class='ocrx_word' id='word_1_253' title='bbox 929 3733 992 3796; x_wconf 92' lang='lat' dir='ltr'>in</span> <span class='ocrx_word' id='word_1_254' title='bbox 1056 3731 1125 3796; x_wconf 88' lang='lat' dir='ltr'><em>B</em></span> <span class='ocrx_word' id='word_1_255' title='bbox 1188 3731 1598 3797; x_wconf 83' lang='lat' dir='ltr'>continuatur</span> <span class='ocrx_word' id='word_1_256' title='bbox 1662 3731 1905 3810; x_wconf 83' lang='lat' dir='ltr'>oratio,</span> <span class='ocrx_word' id='word_1_257' title='bbox 1967 3749 2349 3812; x_wconf 89' lang='lat' dir='ltr'>quamquam</span> <span class='ocrx_word' id='word_1_258' title='bbox 2399 3751 2508 3811; x_wconf 91' lang='lat' dir='ltr'>ea,</span> <span class='ocrx_word' id='word_1_259' title='bbox 2574 3752 2737 3815; x_wconf 85' lang='lat' dir='ltr'>quae</span> 
     </span>
     <span class='ocr_line' id='line_1_32' title="bbox 447 3838 2736 3926; baseline 0.001 -20"><span class='ocrx_word' id='word_1_260' title='bbox 447 3843 735 3924; x_wconf 86' lang='lat' dir='ltr'>proxime</span> <span class='ocrx_word' id='word_1_261' title='bbox 783 3848 1154 3923; x_wconf 84' lang='lat' dir='ltr'>sequuntur,</span> <span class='ocrx_word' id='word_1_262' title='bbox 1203 3842 1461 3926; x_wconf 86' lang='lat' dir='ltr'>integra</span> <span class='ocrx_word' id='word_1_263' title='bbox 1507 3861 1633 3906; x_wconf 91' lang='lat' dir='ltr'>non</span> <span class='ocrx_word' id='word_1_264' title='bbox 1679 3847 1844 3906; x_wconf 89' lang='lat' dir='ltr'>sunt.</span> <span class='ocrx_word' id='word_1_265' title='bbox 1915 3841 2072 3906; x_wconf 90' lang='lat' dir='ltr'>Inde</span> <span class='ocrx_word' id='word_1_266' title='bbox 2108 3838 2385 3906; x_wconf 84' lang='lat' dir='ltr'>efficitur</span> <span class='ocrx_word' id='word_1_267' title='bbox 2434 3848 2519 3925; x_wconf 90' lang='lat' dir='ltr'>et,</span> <span class='ocrx_word' id='word_1_268' title='bbox 2566 3843 2736 3924; x_wconf 89' lang='lat' dir='ltr'>quod</span> 
     </span>
     <span class='ocr_line' id='line_1_33' title="bbox 448 3950 2737 4036; baseline 0 -20"><span class='ocrx_word' id='word_1_269' title='bbox 448 3951 580 4017; x_wconf 89' lang='lat' dir='ltr'>iam</span> <span class='ocrx_word' id='word_1_270' title='bbox 624 3965 819 4033; x_wconf 89' lang='lat' dir='ltr'>supra</span> <span class='ocrx_word' id='word_1_271' title='bbox 867 3952 1173 4034; x_wconf 90' lang='lat' dir='ltr'>vidimus,</span> <span class='ocrx_word' id='word_1_272' title='bbox 1235 3952 1522 4017; x_wconf 86' lang='lat' dir='ltr'>codicem</span> <span class='ocrx_word' id='word_1_273' title='bbox 1570 3950 1638 4014; x_wconf 88' lang='lat' dir='ltr'><strong><em>B</em></strong></span> <span class='ocrx_word' id='word_1_274' title='bbox 1684 3950 1782 4014; x_wconf 88' lang='lat' dir='ltr'>vel</span> <span class='ocrx_word' id='word_1_275' title='bbox 1830 3950 2044 4029; x_wconf 90' lang='lat' dir='ltr'>potius</span> <span class='ocrx_word' id='word_1_276' title='bbox 2090 3956 2423 4030; x_wconf 88' lang='lat' dir='ltr'>parentem</span> <span class='ocrx_word' id='word_1_277' title='bbox 2471 3951 2628 4033; x_wconf 60' lang='lat' dir='ltr'>eius»,</span> <span class='ocrx_word' id='word_1_278' title='bbox 2673 3955 2737 4036; x_wconf 84' lang='grc' dir='ltr'>β,</span> 
     </span>
     <span class='ocr_line' id='line_1_34' title="bbox 448 4060 2740 4144; baseline 0 -18"><span class='ocrx_word' id='word_1_279' title='bbox 448 4062 628 4142; x_wconf 89' lang='lat' dir='ltr'>prius</span> <span class='ocrx_word' id='word_1_280' title='bbox 674 4080 865 4143; x_wconf 91' lang='lat' dir='ltr'>quam</span> <span class='ocrx_word' id='word_1_281' title='bbox 910 4085 952 4125; x_wconf 84' lang='grc' dir='ltr'>α</span> <span class='ocrx_word' id='word_1_282' title='bbox 998 4080 1075 4125; x_wconf 83' lang='lat' dir='ltr'>ex</span> <span class='ocrx_word' id='word_1_283' title='bbox 1121 4062 1471 4144; x_wconf 88' lang='lat' dir='ltr'>archetypo</span> <span class='ocrx_word' id='word_1_284' title='bbox 1518 4060 1910 4140; x_wconf 88' lang='lat' dir='ltr'>descriptum</span> <span class='ocrx_word' id='word_1_285' title='bbox 1960 4077 2136 4142; x_wconf 89' lang='lat' dir='ltr'>esse,</span> <span class='ocrx_word' id='word_1_286' title='bbox 2208 4066 2275 4124; x_wconf 92' lang='lat' dir='ltr'>et</span> <span class='ocrx_word' id='word_1_287' title='bbox 2320 4060 2740 4143; x_wconf 88' lang='lat' dir='ltr'>archetypum</span> 
     </span>
     <span class='ocr_line' id='line_1_35' title="bbox 446 4169 2738 4254; baseline 0 -17"><span class='ocrx_word' id='word_1_288' title='bbox 446 4178 602 4253; x_wconf 92' lang='lat' dir='ltr'>tum,</span> <span class='ocrx_word' id='word_1_289' title='bbox 651 4190 793 4237; x_wconf 91' lang='lat' dir='ltr'>cum</span> <span class='ocrx_word' id='word_1_290' title='bbox 837 4173 882 4254; x_wconf 88' lang='grc' dir='ltr'><em>β</em></span> <span class='ocrx_word' id='word_1_291' title='bbox 929 4190 1005 4236; x_wconf 93' lang='lat' dir='ltr'>eo</span> <span class='ocrx_word' id='word_1_292' title='bbox 1052 4176 1349 4237; x_wconf 88' lang='lat' dir='ltr'>uteretur</span> <span class='ocrx_word' id='word_1_293' title='bbox 1393 4170 1815 4253; x_wconf 86' lang='lat' dir='ltr'>integriorem</span> <span class='ocrx_word' id='word_1_294' title='bbox 1863 4176 2058 4250; x_wconf 88' lang='lat' dir='ltr'>atque</span> <span class='ocrx_word' id='word_1_295' title='bbox 2104 4170 2311 4250; x_wconf 83' lang='lat' dir='ltr'>magis</span> <span class='ocrx_word' id='word_1_296' title='bbox 2355 4169 2738 4237; x_wconf 90' lang='lat' dir='ltr'>incolumem</span> 
     </span>
     <span class='ocr_line' id='line_1_36' title="bbox 445 4265 2742 4367; baseline -0 -20"><span class='ocrx_word' id='word_1_297' title='bbox 445 4280 665 4348; x_wconf 86' lang='lat' dir='ltr'>fuisse.</span> <span class='ocrx_word' id='word_1_298' title='bbox 756 4281 887 4347; x_wconf 82' lang='lat' dir='ltr'>Sed</span> <span class='ocrx_word' id='word_1_299' title='bbox 934 4280 1132 4346; x_wconf 88' lang='lat' dir='ltr'>etiam</span> <span class='ocrx_word' id='word_1_300' title='bbox 1174 4280 1239 4345; x_wconf 92' lang='lat' dir='ltr'>in</span> <span class='ocrx_word' id='word_1_301' title='bbox 1284 4265 1357 4344; x_wconf 76' lang='lat' dir='ltr'>&#39;B</span> <span class='ocrx_word' id='word_1_302' title='bbox 1401 4279 1620 4364; x_wconf 85' lang='lat' dir='ltr'>gravis</span> <span class='ocrx_word' id='word_1_303' title='bbox 1685 4278 2051 4360; x_wconf 87' lang='lat' dir='ltr'>corruptela</span> <span class='ocrx_word' id='word_1_304' title='bbox 2093 4278 2381 4361; x_wconf 87' lang='lat' dir='ltr'>proxime</span> <span class='ocrx_word' id='word_1_305' title='bbox 2427 4280 2742 4367; x_wconf 89' lang='lat' dir='ltr'>sequitur,</span> 
     </span>
     <span class='ocr_line' id='line_1_37' title="bbox 444 4388 2744 4474; baseline -0.001 -16"><span class='ocrx_word' id='word_1_306' title='bbox 444 4389 525 4459; x_wconf 89' lang='lat' dir='ltr'>de</span> <span class='ocrx_word' id='word_1_307' title='bbox 573 4404 699 4474; x_wconf 83' lang='lat' dir='ltr'>qu‘a</span> <span class='ocrx_word' id='word_1_308' title='bbox 744 4390 1134 4471; x_wconf 87' lang='lat' dir='ltr'>permultum</span> <span class='ocrx_word' id='word_1_309' title='bbox 1181 4388 1302 4454; x_wconf 90' lang='lat' dir='ltr'>viri</span> <span class='ocrx_word' id='word_1_310' title='bbox 1348 4388 1522 4453; x_wconf 91' lang='lat' dir='ltr'>docti</span> <span class='ocrx_word' id='word_1_311' title='bbox 1568 4388 2083 4470; x_wconf 87' lang='lat' dir='ltr'>disputaverunt.</span> <span class='ocrx_word' id='word_1_312' title='bbox 2158 4389 2367 4471; x_wconf 89' lang='lat' dir='ltr'>Atque</span> <span class='ocrx_word' id='word_1_313' title='bbox 2415 4388 2744 4456; x_wconf 85' lang='lat' dir='ltr'>confertur</span> 
     </span>
     <span class='ocr_line' id='line_1_38' title="bbox 439 4485 2742 4586; baseline -0 -18"><span class='ocrx_word' id='word_1_314' title='bbox 439 4500 577 4568; x_wconf 85' lang='lat' dir='ltr'>fere</span> <span class='ocrx_word' id='word_1_315' title='bbox 622 4499 802 4567; x_wconf 89' lang='lat' dir='ltr'>locus</span> <span class='ocrx_word' id='word_1_316' title='bbox 868 4501 1126 4583; x_wconf 87' lang='lat' dir='ltr'>quidam</span> <span class='ocrx_word' id='word_1_317' title='bbox 1177 4499 1586 4584; x_wconf 87' lang='lat' dir='ltr'>Aristotelis,</span> <span class='ocrx_word' id='word_1_318' title='bbox 1655 4485 1944 4580; x_wconf 88' lang='lat' dir='ltr'>Metaph.</span> <span class='ocrx_word' id='word_1_319' title='bbox 1994 4499 2044 4578; x_wconf 90' lang='grc' dir='ltr'>Ι,</span> <span class='ocrx_word' id='word_1_320' title='bbox 2091 4502 2149 4563; x_wconf 87' lang='grc'>2.</span> <span class='ocrx_word' id='word_1_321' title='bbox 2240 4498 2367 4565; x_wconf 88' lang='lat' dir='ltr'>Sed</span> <span class='ocrx_word' id='word_1_322' title='bbox 2432 4499 2742 4586; x_wconf 82' lang='lat' dir='ltr'>quamvis,</span> 
     </span>
     <span class='ocr_line' id='line_1_39' title="bbox 440 4608 2737 4694; baseline 0 -17"><span class='ocrx_word' id='word_1_323' title='bbox 440 4611 818 4694; x_wconf 86' lang='lat' dir='ltr'>quicumque</span> <span class='ocrx_word' id='word_1_324' title='bbox 866 4610 1197 4679; x_wconf 86' lang='lat' dir='ltr'>Ciceronis</span> <span class='ocrx_word' id='word_1_325' title='bbox 1244 4608 1446 4677; x_wconf 90' lang='lat' dir='ltr'>libros</span> <span class='ocrx_word' id='word_1_326' title='bbox 1494 4609 1575 4677; x_wconf 91' lang='lat' dir='ltr'>de</span> <span class='ocrx_word' id='word_1_327' title='bbox 1638 4609 2046 4693; x_wconf 88' lang='lat' dir='ltr'>philosophia</span> <span class='ocrx_word' id='word_1_328' title='bbox 2090 4611 2370 4692; x_wconf 88' lang='lat' dir='ltr'>scriptos</span> <span class='ocrx_word' id='word_1_329' title='bbox 2415 4617 2594 4679; x_wconf 86' lang='lat' dir='ltr'>recte</span> <span class='ocrx_word' id='word_1_330' title='bbox 2638 4611 2737 4678; x_wconf 87' lang='lat' dir='ltr'>in·</span> 
     </span>
    </p>
   </div>
  </div>
 </body>
</html>
