3408 5300
1786 380 1870 439 44

732 574 740 578 ·
860 547 1149 631 Apparet
1193 547 1298 614 hic
1349 546 1704 632 librarium,
1750 548 1879 631 qui,
1928 567 2069 616 cum
2113 549 2242 615 iam
2293 549 2378 616 ad
2401 546 2594 616 finem
2642 549 2791 618 libri
2837 570 2985 634 pro-

683 663 966 742 peraret,
1011 658 1222 725 minus
1270 662 1563 725 attentus
1629 664 1827 739 esset,
1897 657 2225 741 complura
2287 656 2388 725 bis
2446 659 2742 741 posuisse
2787 666 2984 743 atque

688 767 885 833 etiam
952 767 1150 833 »cito«
1217 766 1378 834 nihil
1461 786 1607 835 esse
1687 768 1813 835 nisi
1891 765 2204 852 syllabam
2275 768 2431 836 »cit«
2503 768 2682 835 verbi
2757 771 2983 838 »adve-

685 873 1063 954 spei-ascia«

861 979 1305 1062 Coniecturae,
1368 998 1532 1062 quae
1597 979 1664 1045 in
1711 979 1809 1044 13ι
1876 979 2305 1064 inveniuntur,
2376 999 2598 1047 omnes
2669 981 2983 1051 eiusmodi

685 1093 856 1173 sunt,
917 1095 991 1155 ut
1048 1089 1330 1175 genuina
1390 1089 1493 1155 vix
1554 1087 2015 1171 obscurentur,
2077 1088 2194 1155 sed
2258 1089 2449 1157 facile
2517 1098 2984 1174 cognoscantur

687 1198 780 1273 Cf.
827 1217 885 1264 e.
929 1217 1028 1283 gr.
1051 1218 1077 1264 :x
2015 1216 2016 1225 ¹

858 1306 889 1370 Ι
938 1308 1057 1375 1⁸:
1104 1305 1306 1385 »Quid
1369 1311 1473 1372 est
1534 1306 1703 1372 enim
1764 1306 2135 1375 temeritate
2201 1307 2458 1390 turpius
2518 1306 2780 1389 (sorcius
2827 1305 2980 1385 BF,

688 1414 922 1481 fortius
970 1414 1088 1494 M,
1120 1439 1163 1481 a
1205 1415 1402 1500 deest)
1451 1421 1566 1481 aut
1612 1415 1765 1498 quid
1813 1434 1865 1481 e.
1914 1433 1974 1497 q.
2023 1433 2113 1481 s«

864 1524 1229 1590 Mirandum
1290 1530 1411 1602 est,
1476 1506 1645 1607 quod
1689 1521 1764 1588 F.
1814 1527 1888 1589 A.
1935 1522 2205 1592 Wolfius
2270 1524 2624 1608 aliquando
2680 1524 2980 1593 »fortius«

689 1633 1098 1700 retinendum
1145 1651 1288 1699 esse
1337 1632 1686 1700 contendit.
1778 1633 2054 1701 Praeter
2096 1633 2300 1699 Aeaci.
2348 1634 2379 1698 1
2425 1639 2508 1700 45
2558 1638 2627 1699 et
2669 1633 2825 1700 Luc.
2873 1639 2978 1715 66,

695 1760 861 1824 quae
906 1742 1213 1808 Baiterus
1256 1742 1497 1824 attulit,
1548 1741 1624 1809 cf.
1676 1742 1872 1808 etiam
1920 1742 1997 1807 de
2043 1742 2170 1808 div.
2213 1744 2244 1808 1
2295 1748 2365 1809 7:
2413 1742 2612 1809 »Nam
2659 1762 2801 1809 cum
2848 1762 2982 1810 om-

686 1849 875 1917 nibus
921 1851 984 1915 in
1029 1849 1225 1917 rebus
1272 1851 1608 1918 temeritas
1652 1851 1718 1915 in
1766 1851 2189 1922 adsentiendo
2250 1870 2557 1935 errorque
2601 1852 2813 1934 turpis
2859 1857 2980 1932 est,

688 1968 825 2026 tum
872 1979 927 2026 e.
977 1979 1035 2043 q.
1084 1979 1175 2026 s.«
1266 1960 1550 2026 Facilius
1598 1967 1835 2040 autem,
1884 1979 2077 2043 quam
2121 1965 2332 2044 putes,
2392 1961 2505 2027 illa
2569 1959 2769 2028 verba
2830 1980 2979 2027 con-

687 2067 1142 2152 fundebantur,
1210 2069 1290 2136 cf.
1339 2070 1403 2135 II
1454 2075 1693 2139 12710:
1755 2067 1985 2157 stirpe]
2053 2070 2223 2136 forte
2273 2068 2340 2136 Ο.
2390 2071 2709 2149 Ceterum,
2764 2076 2980 2136 utrum

689 2198 729 2244 a
776 2177 845 2242 B
893 2179 1148 2243 demum
1196 2178 1497 2245 »fortius«
1566 2197 1643 2243 ex
1715 2180 2036 2260 »turpius«
2105 2184 2477 2260 corruptum
2544 2180 2651 2262 sit,
2710 2198 2792 2245 an
2855 2179 2981 2246 iam

687 2285 754 2350 in
820 2285 1170 2370 archetypo
1230 2286 1446 2368 fuerit,
1512 2306 1654 2353 cum
1720 2310 1762 2351 α
1821 2306 2087 2369 prorsus
2152 2288 2343 2369 desit,
2409 2294 2589 2354 certo
2657 2288 2826 2354 scire
2874 2307 2981 2352 no-

694 2394 967 2477 quimus.
1216 2386 1227 2393 ’

862 2502 926 2567 II
974 2508 1055 2568 59
1077 2522 1168 2571 εστ
1217 2521 1332 2568 nec
1383 2502 1805 2587 cessantium]
1857 2501 1989 2586 GV,
2037 2504 2511 2570 necessantium
2543 2501 2631 2583 A,
2677 2522 2803 2569 non
2850 2521 2981 2570 ces·

699 2612 978 2679 santium
1028 2609 1263 2679 BFM.

804 2773 805 2778 η
866 2727 1055 2791 9612:
1127 2723 1583 2808 Aetnaeorum]
1653 2723 2071 2789 ethnaeorum
2130 2726 2217 2801 A,
2282 2728 2552 2789 aeterna
2616 2740 2835 2788 eorum
2884 2720 2982 2787 B¹

703 2832 1039 2915 (antecedit
1084 2833 1478 2915 eruptione),
1526 2832 1988 2898 aethnaeorum
2036 2829 2214 2912 3217,
2262 2832 2602 2898 aethneor.·
2641 2830 2780 2897 CF.

870 2945 1103 3009 13123:
1167 2941 1413 3026 generi,
1461 2941 1556 3008 eis
1617 2941 1893 3023 denique
1954 2939 2248 3008 omnibus
2311 2939 2441 3020 GV,
2488 2939 2845 3021 iisdemque
2891 2936 2977 3019 A,

696 3045 1019 3128 iidemque
1067 3046 1185 3129 13¹,
1247 3047 1579 3129 isdemque
1628 3044 1811 3129 BffF,
1872 3045 2249 3128 hisdemque
2299 3046 2398 3128 M,
2458 3046 2515 3112 is
2581 3046 2857 3128 denique
2901 3043 2981 3110 P.

865 3155 960 3220 111
1012 3161 1180 3224 11⁵:
1227 3153 1542 3243 homines]
1594 3175 1718 3221 non
1764 3155 2054 3221 nomines
2101 3153 2220 3220 Bl.

871 3268 1056 3332 3029:
1106 3264 1265 3328 nihil
1315 3271 1491 3330 esset
1537 3283 1826 3347 cereum,
1888 3264 2056 3346 quod
2121 3262 2502 3330 commutari
2563 3281 2686 3328 non
2733 3261 2984 3345 posset[

693 3376 939 3438 certum
984 3371 1205 3437 habuit
1246 3373 1639 3457 archetypus,
1687 3391 1811 3437 uon
1857 3390 1974 3436 om.
2024 3370 2138 3436 B1.

871 3482 1208 3547 Postremo
1254 3501 1443 3549 unum
1478 3482 1817 3565 glossema,
1866 3480 2037 3563 quod
2081 3478 2179 3545 B¹
2210 3480 2381 3547 inter
2413 3479 2742 3547 Ciceronis
2787 3477 2983 3546 verba

690 3596 1020 3673 receptum
1066 3591 1375 3674 praebet:

866 3703 897 3767 I
946 3705 1136 3769 58³4:
1185 3702 1264 3766 de
1312 3699 1629 3767 familiare
1675 3701 1789 3766 illo
1819 3697 1955 3787 tuo]
2001 3698 2204 3782 AGP,
2254 3699 2333 3765 de
2380 3697 2547 3764 lucio
2594 3715 2814 3764 crasso
2861 3697 2976 3780 (gr.

696 3811 820 3894 B1)
868 3810 978 3875 illo
1024 3809 1332 3876 familiari
1378 3816 1487 3875 tuo
1524 3809 1761 3890 BFM,

870 3920 1230 3985 certissime
1294 3919 1424 3985 iam
1496 3919 1562 3983 in
1637 3919 1990 4001 archetypo
2065 3916 2192 3984 fuit
2279 3922 2345 3983 et
2413 3914 2495 3982 ab
2564 3939 2605 3979 α
2683 3914 2984 3982 omissum

698 4034 818 4097 est.
925 4028 1226 4094 Ceterum
1294 4028 1375 4094 de
1442 4029 1561 4095 hoc
1629 4028 1773 4095 loco
1839 4028 2243 4094 accuratiore
2312 4025 2749 4109 disputatione
2828 4043 2988 4107 opus

697 4143 817 4221 est,
863 4156 1093 4203 vereor
1139 4136 1326 4217 enim,
1373 4155 1455 4203 ne
1481 4155 1801 4221 quaenam
1845 4136 1934 4203 sit
1983 4135 2372 4218 corruptela,
2418 4133 2627 4201 adhuc
2660 4133 2989 4219 cognitum

700 4266 827 4312 non
872 4246 978 4313 sit.

870 4349 1281 4417 Videmus
1326 4350 1605 4434 igitur
1650 4350 2031 4417 codicem
2082 4347 2177 4413 B¹
2247 4346 2793 4420 audaciorem
2839 4365 2990 4429 pro

700 4460 1124 4547 genuinis
1203 4459 1498 4527 verbis
1565 4461 2140 4528 coniecturam
2203 4458 2339 4524 vix
2422 4474 2763 4540 usquam
2844 4459 2989 4538 po'-

702 4569 1008 4651 suisse,
1056 4568 1201 4636 sed
1248 4569 1543 4638 multis
1590 4569 1828 4655 locis,
1876 4566 2180 4655 quibus
2223 4566 2596 4636 alterius
2639 4564 2993 4651 generis
