3408 5300
1565 443 1639 503 51

633 620 811 684 830:
885 615 992 698 qui
1039 620 1181 680 cum
1250 613 1360 696 ad]
1411 611 1753 693 13²(V2-3),
1812 613 1920 694 qui
1996 613 2163 696 quod
2231 613 2312 680 ad
2362 611 2755 680 AB¹OPV².

632 731 710 789 87
737 754 790 796 25
828 745 843 789 ε
893 725 1110 789 saluos
1141 760 1192 770 -
1224 729 1306 788 88
1332 752 1384 791 26
1427 722 1720 805 Herculi]
1754 742 1867 788 om.
1895 722 2011 805 Bl,
2056 722 2259 804 suppl.
2286 721 2403 801 ΒΣ,
2436 722 2548 787 sed
2575 722 2753 788 verbo

454 834 791 914 quisquam
845 834 1092 898 omisso,

634 942 917 1020 Quarum
966 943 1435 1025 scripturarum
1483 943 1772 1024 quamvis
1818 943 2057 1008 multas
2123 943 2316 1008 etiam
2385 944 2754 1008 coniectura

457 1053 727 1118 inveniri
772 1053 1062 1134 potuisse
1111 1053 1312 1134 dicim,
1362 1058 1575 1116 tamen
1626 1051 1915 1132 reliquae
1962 1056 2169 1132 erunt,
2218 1069 2379 1133 quas
2426 1070 2505 1115 ex
2535 1052 2752 1116 codice

455 1161 726 1225 haustas
775 1179 919 1226 esse
967 1161 1069 1225 vix
1119 1162 1457 1241 quisquam
1504 1166 1721 1242 neget.

629 1270 865 1336 Restat
914 1287 1256 1351 exponere,
1329 1269 1643 1350 quomodo
1695 1266 1794 1331 Β2
1841 1286 1911 1332 se
1979 1266 2217 1334 habeat
2279 1269 2344 1332 in
2413 1269 2751 1334 tradendis

454 1373 747 1439 versibus
830 1375 1117 1451 Arateis,
1186 1373 1293 1441 lib.
1390 1373 1448 1438 11
1522 1378 1644 1443 104
1663 1378 1974 1440 20—1148
2042 1378 2109 1438 et
2185 1363 2452 1443 1592742.
2546 1375 2751 1439 Mani-

457 1481 693 1547 festum
777 1490 995 1548 autem
1065 1490 1201 1560 est,
1288 1502 1426 1547 eum
1511 1488 1625 1547 aut
1693 1482 1832 1548 eius
1902 1483 2142 1547 fontem
2222 1503 2300 1551 ex
2367 1486 2749 1550 Arateorum

455 1590 669 1672 aliquo
719 1593 938 1657 codice
984 1592 1314 1673 complura
1359 1593 1703 1673 recepisse.
1785 1591 1912 1657 Sed
1958 1593 2243 1673 singulos
2275 1598 2531 1674 oportet
2577 1600 2750 1659 trac·

454 1703 664 1765 temus
712 1702 903 1767 locos,

637 1816 755 1876 107
774 1833 841 1879 9:
912 1812 1287 1894 »Opstipum
1349 1819 1542 1892 caput
1578 1831 1668 1877 ac
1736 1813 1931 1878 tereti
1997 1811 2347 1896 (Klotziu3‚
2416 1817 2487 1878 at
2555 1814 2751 1878 tereti

459 1917 871 2004 MadviqiuS,
933 1923 1166 1986 atereti
1215 1921 1310 1998 Z,
1381 1921 1603 1984 sedin
1655 1919 1722 1983 B
1769 1925 1989 1984 coron]
2049 1941 2124 1985 ex
2191 1921 2439 2005 ateriti)
2505 1923 2752 1989 cervice

629 2028 934 2095 reflexum
1092 2028 1097 2029 ⁷
1693 2096 1699 2110 ,

631 2138 940 2223 Optutum
987 2141 1051 2203 in
1101 2140 1307 2205 cauda
1356 2139 1619 2205 maioris
1665 2138 1861 2221 figere
1910 2140 2142 2205 dicas«

459 2245 552 2310 Cf.
605 2250 782 2312 Arat.
832 2249 1071 2313 Phaen.
1125 2254 1240 2313 58:

631 2355 831 2434 λοξὸν
879 2358 936 2421 δ’
974 2356 1111 2423 ἐστὶ
1159 2359 1349 2441 κάρη,
1395 2360 1663 2423 νεύοντι
1712 2356 1785 2424 δὲ
1832 2359 2107 2442 πάμπαν
2153 2360 2369 2424 ἔοικεν

630 2466 842 2550 ἄκρην
889 2469 985 2543 εἰς
1023 2466 1297 2550 Ἑλίκης
1343 2468 1576 2553 οὕρην,
1620 2468 1795 2552 μάλα
1837 2474 1974 2533 κτλ.

635 2594 733 2659 B2
779 2597 1102 2662 correxit:
1152 2599 1306 2663 »Ast
1352 2597 1557 2679 ipsum
1609 2603 1805 2681 caput
1850 2600 2083 2664 atereti
2131 2600 2380 2666 cervice
2444 2600 2749 2667 reflexum

459 2724 514 2770 e.
563 2724 621 2787 q.
672 2724 758 2771 s.«
849 2707 1014 2784 Quin
1060 2709 1219 2772 haec
1267 2709 1352 2774 sit
1402 2708 1612 2773 audax
1682 2709 2070 2790 coniectura,
2139 2717 2275 2774 tum
2340 2709 2537 2789 facta,
2606 2731 2748 2777 cum

468 2833 569 2878 am
621 2834 734 2879 »ac
783 2818 1012 2881 tereti«
1063 2819 1129 2881 in
1177 2838 1248 2882 »a
1296 2819 1515 2895 tereti,
1565 2819 1837 2882 atereti«
1886 2824 2252 2900 corruptum
2300 2819 2514 2903 fuerit,
2565 2821 2748 2887 dubi-

457 2943 560 2989 um
608 2943 730 2989 non
779 2932 895 3003 est,
946 2946 1152 3008 neque
1200 2933 1415 2992 tamen
1463 2929 1666 3008 ipsius
1700 2927 1796 2991 Β2
1840 2928 2102 3011 ingenio
2150 2947 2293 2994 eam
2341 2929 2583 3008 deberi,
2632 2931 2749 2996 sed

456 3033 711 3100 aliunde
760 3042 1080 3118 sumptam
1133 3016 1278 3102 esse
1326 3044 1498 3118 puto,
1547 3058 1686 3102 nam
1740 3040 1790 3102 si
1839 3038 1979 3118 ipse
2014 3040 2414 3122 coniecisset,
2461 3059 2541 3105 ne
2574 3048 2745 3106 »ate-

455 3145 614 3210 reti«
662 3146 919 3226 quidem
965 3148 1394 3212 incorrectum
1444 3148 1831 3227 reliquisset.
1875 3184 1960 3193 —

640 3260 754 3319 108
781 3276 880 3322 20:
929 3258 1174 3337 »Atque
1222 3257 1382 3321 haec
1432 3257 1690 3337 quidem
1739 3277 1776 3321 a
1821 3262 2031 3341 terg0,
2078 3262 2345 3340 propter
2393 3263 2587 3339 caput
2632 3276 2744 3323 au-

459 3370 594 3428 tem
643 3366 1125 3445 Anguitenens:

631 3472 832 3549 Quem
882 3473 1055 3537 claro
1107 3474 1453 3554 perhibent
1498 3476 1900 3556 Ophiuchum
1949 3476 2203 3541 nomine
2252 3476 2484 3541 Graii«

629 3604 726 3666 132
787 3611 853 3669 et
918 3603 1009 3666 A2
1071 3613 1490 3671 correxerunt
1537 3607 2129 3688 »Anguitenentis«.
2226 3607 2363 3672 Hoc
2412 3628 2486 3673 ex
2557 3628 2742 3674 versu

459 3720 783 3792 sumptum
818 3732 960 3777 esse
1011 3715 1134 3778 iam
1170 3715 1360 3799 Hugo
1393 3716 1656 3780 Grotius
1693 3718 1915 3793 sensit,
1965 3735 2105 3781 cum
2149 3715 2477 3782 Ciceronis
2508 3719 2745 3784 Aratea

453 3821 760 3899 supplens
809 3840 1064 3885 versum
1115 3828 1193 3885 76
1243 3830 1548 3903 poneret:

632 3923 863 3988 »Juxta
910 3927 1211 3991 humeros
1243 3928 1498 3991 Sertum
1535 3935 1666 3993 est:
1718 3936 1984 4010 propter
2010 3934 2204 4010 caput
2233 3931 2741 4012 Anguitenentis,

664 4033 863 4110 Quem
914 4037 1089 4100 claro
1139 4055 1191 4101 e.
1238 4056 1295 4117 q.
1348 4057 1433 4102 s«
2216 4039 2324 4123 (se.
2375 4048 2571 4122 caput
2617 4046 2743 4117 est)

457 4140 555 4206 Of.
611 4143 784 4208 Arat.
836 4144 1071 4208 Phaen.
1121 4152 1244 4209 74:

627 4275 842 4361 Νώτῳ
888 4273 1011 4359 μὲν
1060 4275 1410 4361 Στέφανος
1456 4280 1681 4343 πελάει
1728 4284 1985 4365 κεφαλῇ
2028 4302 2103 4363 γε
2148 4276 2271 4362 μὲν
2315 4280 2483 4364 ἄκρῃ

623 4382 900 4449 σκέπτεο
938 4385 1070 4470 πὰρ
1118 4388 1418 4471 κεφαλὴν
1455 4388 1869 4473 Ὀφιούχεον
1913 4394 2049 4453 κτλ.

626 4514 758 4581 Nos
823 4516 987 4581 hanc
1055 4518 1392 4584 lectionem
1462 4507 1897 4585 nullomodo
1962 4520 2366 4603 recipiemUS,
2437 4520 2553 4585 sed
2619 4538 2744 4585 non

452 4622 639 4690 abest
687 4626 967 4706 suspicio
1016 4635 1416 4695 correctores
1461 4628 1557 4692 Α2
1605 4636 1670 4695 et
1720 4628 1837 4709 B2,
1889 4631 1985 4695 vel
2034 4649 2255 4697 eorum
2324 4630 2585 4711 fontem,
2636 4649 2740 4695 co-

2195 4736 2283 4801 4*
