3408 5300
1783 390 1865 451 28

666 578 817 627 nam
863 562 1174 643 primum,
1240 562 1295 629 si
1324 561 1762 643 coniecisset,
1824 562 2190 630 addidisset
2234 563 2422 643 »ad«,
2468 563 2637 647 quod
2684 564 2979 632 fecerunt

659 669 968 751 .A²CM³,
1018 671 1249 738 deinde
1294 691 1524 754 reapse
1570 674 1762 754 plura
1806 674 2165 756 meliusque
2212 680 2473 741 servata
2520 675 2716 741 etiam
2765 676 2829 740 in
2882 676 2976 741 eis

669 797 835 862 quae
884 782 1179 864 proxime
1246 787 1604 865 sequuntur
1667 783 1850 868 legit.
1940 782 2016 849 Id
2075 783 2277 866 igitur
2337 789 2593 852 constat
2652 784 2859 851 codici
2908 783 2977 851 B

669 889 789 956 hoc
839 891 979 956 loco
1024 891 1276 974 priores
1324 891 1711 958 deferendas
1758 909 1902 959 esse
1925 891 1990 974 ¹).
2039 928 2124 941 -

843 1001 980 1067 Iam
1046 1019 1245 1083 supra
1304 1002 1976 1082 commemoravimuS,
2038 1001 2543 1070 Heidtmannum
2603 1004 2645 1069 l.
2673 1023 2726 1072 c.
2775 1003 2975 1072 verba

668 1129 869 1193 »quae
1049 1159 1063 1176 .
1113 1113 1518 1177 necessaria«
1575 1111 1972 1194 interpolata
2036 1129 2180 1177 esse
2250 1110 2513 1178 dixisse.
2605 1111 2746 1190 Qua
2790 1113 2858 1178 in
2899 1132 2974 1180 re

666 1238 910 1285 summo
944 1219 1152 1287 utitur
1182 1225 1583 1304 argumente,
1633 1221 1803 1303 quod
1853 1239 2209 1315 pronomen
2237 1221 2577 1287 relativum
2626 1222 2758 1287 »De
2791 1242 2970 1305 qua«,

667 1347 791 1411 quo
839 1347 1117 1412 sequens
1162 1329 1488 1396 sententia
1533 1329 1949 1415 adiungitur,
1997 1331 2082 1396 ad
2129 1331 2450 1414 quodnam
2498 1329 2969 1398 substantivum

664 1438 1009 1518 referatur,
1059 1439 1334 1505 servatis
1379 1440 1511 1505 illis
1559 1438 1775 1505 verbis
1820 1446 1957 1506 tam
2004 1437 2265 1506 dubium
2313 1439 2420 1518 sit,
2469 1445 2542 1505 ut
2592 1439 2970 1508 Ciceronem

669 1548 763 1613 ita
807 1547 1149 1630 scripsisse
1196 1548 1588 1614 credendum
1619 1566 1745 1613 non
1778 1548 1886 1612 sit.
1963 1547 2092 1614 Sed
2125 1566 2243 1629 ego
2280 1548 2518 1614 nullam
2567 1548 2754 1614 video
2801 1548 2969 1616 diffi-

667 1657 1033 1738 cultatem,
1061 1663 1135 1723 ut
1180 1658 1402 1724 multis
1447 1658 1642 1737 lociS,
1711 1642 1943 1740 quibus
1988 1657 2099 1723 ille
2145 1657 2431 1740 aliquam
2477 1676 2621 1723 esse
2669 1658 2968 1740 opinatus

666 1773 787 1833 est.
879 1767 1042 1833 Nam
1089 1767 1230 1850 ipsa
1275 1767 1389 1834 illa
1434 1750 1778 1834 sententia
1825 1766 2102 1832 relativa
2162 1767 2247 1832 ad
2291 1767 2806 1850 »quaestionem«
2853 1769 2966 1835 ad-

663 1875 835 1942 iecta
894 1876 1085 1943 huius
1129 1875 1310 1943 verbi
1356 1877 1484 1942 vim
1529 1877 1693 1943 adeo
1744 1882 1972 1958 auget,
2020 1881 2092 1942 ut
2137 1877 2283 1958 plus
2317 1878 2537 1942 valeat
2582 1896 2776 1960 quam
2819 1897 2965 1944 »na-

665 1990 847 2050 tura«
892 1991 1085 2068 atque
1135 1986 1333 2051 etiam
1398 1984 1529 2052 »De
1577 2004 1739 2067 qua«
1786 1984 1868 2050 ad
1916 2004 1985 2050 se
2045 1984 2279 2051 referri
2326 1985 2632 2067 postulet.
2724 1986 2967 2052 Prono-

665 2093 856 2158 minis
904 2100 1119 2159 autem
1171 2093 1250 2160 ad
1300 2093 1777 2159 substantivum
1841 2092 2092 2174 longius
2159 2092 2548 2158 antecedens
2609 2093 2802 2158 relati
2847 2095 2966 2160 hoc

664 2219 914 2284 quoque
963 2201 1258 2268 conferas
1308 2203 1688 2284 exemplum,
1733 2203 1798 2266 II
1851 2204 2010 2266 140:
2079 2200 2213 2265 »Ad
2280 2200 2446 2266 hanc
2491 2201 2967 2283 providentiam

664 2318 938 2401 naturae
986 2317 1116 2378 tam
1167 2310 1538 2395 diligentem
1574 2319 1833 2397 tamque
1869 2311 2199 2377 sollertem
2250 2311 2519 2396 adiungi
2568 2311 2773 2378 multa
2816 2332 2965 2395 pos-

667 2426 836 2505 sunt,
885 2441 919 2487 e
966 2420 1198 2504 quibus
1245 2423 1693 2504 intellegatur,
1755 2425 2037 2503 quantae
2083 2438 2190 2485 res
2237 2418 2602 2486 hominibus
2649 2440 2967 2505 quamque

660 2532 936 2598 ‘eximiae
982 2530 1269 2598 tributae
1317 2533 1466 2597 sint.
1562 2530 1739 2608 Quae
1786 2530 2063 2611 primum
2111 2548 2188 2594 ex
2232 2529 2425 2594 humo
2473 2529 2791 2597 excitatos
2838 2530 2966 2598 cel-

662 2661 770 2708 sos
815 2647 881 2707 et
929 2647 1184 2709 erectos
1231 2641 1600 2720 constituit,
1666 2644 1740 2706 ut
1787 2639 2053 2705 deorum
2100 2637 2526 2720 cognitionem
2578 2639 2824 2705 caelum
2871 2640 2967 2705 in-

655 2758 922 2819 tuentes
970 2771 1203 2835 capere
1250 2757 1549 2835 possent«
1569 2749 1639 2835 ²).

838 2860 965 2929 Sed
1030 2879 1394 2944 pergamus.
1509 2860 1742 2925 Totum
1812 2857 2013 2940 igitur
2078 2856 2269 2938 primi
2336 2852 2486 2920 libri
2558 2855 2817 2923 initium
2900 2858 2966 2923 in

818 3139 866 3208 1)
906 3138 1041 3192 Sero
1080 3136 1197 3191 vidi
1239 3136 1351 3190 iam
1391 3137 1459 3188 A.
1498 3134 1801 3190 Goethium
1842 3133 2145 3202 (Ciceronis
2198 3134 2266 3189 de
2318 3137 2434 3188 nat.
2475 3134 2625 3189 deor.
2665 3133 2799 3189 libri
2838 3137 2967 3204 tres,

668 3230 757 3285 fiir
796 3230 904 3284 den
945 3228 1405 3298 Schulgebrauch
1459 3227 1691 3281 erklart.
1768 3225 1997 3295 Leipzig
2041 3226 2199 3294 1887)
2246 3228 2306 3281 et
2351 3226 2456 3280 hoc
2505 3226 2627 3280 loco
2666 3225 2965 3282 lectionem

667 3320 876 3376 codicis
915 3322 970 3373 B
1008 3336 1042 3373 a.
1080 3316 1621 3386 Schwenkiorffbil.
1645 3316 1932 3370 Rundsch.
1961 3317 2094 3369 1885
2125 3316 2323 3385 p.272,
2363 3333 2529 3384 quem
2569 3316 2778 3370 librum
2817 3317 2967 3385 quod

663 3412 941 3482 inspicere
992 3410 1129 3464 mihi
1185 3427 1298 3464 non
1351 3408 1546 3475 licuit,
1609 3407 1797 3476 doleo)
1855 3406 2309 3461 commendatam
2361 3406 2636 3476 recepisse
2676 3409 2737 3462 et
2773 3409 2968 3478 paucis

666 3506 822 3561 aliis:
876 3506 906 3575 ξ
943 3506 976 3558 2
1021 3504 1122 3558 »de
1161 3503 1451 3567 actione«,
1493 3502 1561 3555 28
1604 3501 2021 3556 »continentem
2058 3501 2390 3569 ardorum«,
2442 3502 2512 3557 «18
2554 3502 2969 3571 »pulcherrirna

669 3598 818 3661 est«,
857 3612 1001 3663 qnae
1041 3596 1106 3647 ut
1142 3593 1555 3662 reciperentur,
1609 3591 1875 3645 Deiterus
1912 3591 2077 3660 (Mus.
2118 3591 2296 3646 Rhen.
2339 3591 2477 3646 1882
2517 3610 2570 3661 p.
2607 3592 2714 3646 314
2748 3594 2808 3648 et
2847 3593 2966 3648 »De

668 3687 951 3743 Ciceronis
990 3684 1280 3740 codicibus
1324 3683 1608 3736 Vossianis
1645 3684 1716 3737 84
1756 3687 1816 3737 et
1852 3685 1921 3736 86
1974 3683 2157 3738 denuo
2210 3682 2489 3737 excussis«
2547 3685 2786 3740 Auricae
2829 3685 2965 3740 1886

667 3798 719 3849 p.
760 3780 853 3847 75)
894 3779 1205 3841 monuerat,
1245 3777 1313 3828 49
1358 3779 1745 3838 »cernantur«,
1783 3775 1848 3826 71
1895 3777 2029 3828 »aut
2066 3773 2205 3842 quid
2241 3773 2318 3828 sit
2355 3776 2516 3843 quasi
2555 3775 2828 3846 sanguisc
2857 3773 2961 3831 sua.

662 3875 879 3943 sponte,
913 3870 967 3923 ΙΙ
1010 3870 1108 3923 149
1152 3867 1383 3923 »dentes
1421 3869 1481 3921 et
1519 3866 1693 3921 alias«
1738 3866 2072 3921 Schwenkio
2110 3867 2170 3930 (1.
2199 3867 2270 3935 c.)
2308 3868 2555 3922 auctore.

809 3964 866 4031 2)
903 3963 1090 4020 Verba
1131 3979 1198 4015 »a
1236 3960 1389 4025 dis«,
1431 3978 1576 4028 quae
1615 3959 1836 4015 codices
1874 3963 2002 4029 post
2043 3959 2430 4015 ›hominibus‹
2474 3959 2766 4026 exhibent,
2805 3977 2967 4032 aper·

668 4060 884 4115 tissime
921 4056 1317 4128 interpolat-ori
1356 4055 1667 4120 debentur,
1726 4071 1855 4108 nam
1895 4054 2123 4109 omnino
2161 4072 2270 4109 non
2312 4053 2631 4124 quadrant,
2670 4071 2798 4109 cum
2837 4055 2966 4111 aliis

669 4155 740 4209 de
779 4152 961 4209 causis
998 4154 1147 4218 tum,
1187 4148 1338 4218 quod
1378 4148 1574 4224 Cicero
1614 4148 1701 4203 hic
1741 4149 2008 4204 distincte
2048 4149 2117 4205 de
2156 4153 2361 4204 natura
2399 4148 2630 4218 eiusque
2669 4149 2968 4219 providen-

670 4249 755 4302 tia
793 4246 852 4300 in
890 4243 1117 4300 homine
1154 4242 1485 4297 fabricando
1514 4243 1773 4296 elucente
1800 4241 1959 4306 dicit,
1997 4243 2066 4296 cf.
2109 4244 2320 4311 140323
2363 4242 2578 4311 141193
2620 4243 2822 4311 14220,
2862 4242 2968 4298 etsi

668 4341 809 4397 alibi
844 4339 1029 4409 (velut
1065 4338 1237 4408 paulo
1278 4339 1442 4399 ante,
1502 4337 1533 4406 ἕ
1582 4337 1700 4405 133)
1742 4337 1968 4392 deorum
2008 4339 2068 4391 et
2106 4339 2339 4391 naturae
2379 4336 2796 4406 providentiam
2835 4353 2965 4392 con·

666 4433 868 4489 fundit.
934 4430 1072 4486 Cum
1097 4432 1287 4485 autem
1322 4430 1494 4484 verba,
1532 4430 1632 4484 illa.
1667 4431 1962 4500 tamquam
2001 4429 2246 4498 genuina.
2283 4431 2511 4499 recepta.
2549 4430 2751 4493 essent,
2792 4428 2961 4484 etiam

667 4527 971 4583 relativum
1005 4541 1211 4593 »quae«
1243 4524 1300 4578 in
1343 4524 1508 4592 ›qui‹
1550 4525 1833 4578 mutatum
1862 4527 1963 4589 est,
2003 4524 2234 4579 verbum
2277 4522 2640 4579 ›constituit‹
2683 4522 2964 4592 integrum

654 4620 958 4698 „remansit,
996 4620 1194 4694 postea
1234 4618 1466 4692 dennuni
1495 4636 1532 4686 ‚a
1574 4618 1643 4674 0²
1680 4620 1743 4675 et
1777 4618 1875 4674 M²
1914 4636 2178 4675 numerus
2215 4617 2452 4690 pluralis
2488 4617 2705 4689 positus
2743 4618 2845 4673 est.
2927 4665 2932 4670 .
