3408 5300
1725 400 1775 459 8

509 586 515 592 ·
600 588 761 651 sum,
809 568 1042 645 deinde
1087 567 1169 641 ab
1216 569 1357 653 ipsa
1402 568 1611 653 prima
1656 588 1849 635 manu
1895 571 2404 654 superscriptum
2452 584 2618 640 esse.
2708 573 2898 640 Cete-

599 698 740 747 rum
791 679 1097 746 »modus«
1150 683 1217 744 et
1266 679 1618 745 »mundus«
1668 697 1865 760 saepe
1912 679 2420 765 confunduntur,
2464 687 2536 748 ut
2581 682 2646 747 II
2688 687 2895 755 4910:

600 790 889 872 modum]
939 787 1238 855 mundum
1285 786 1460 867 BF;
1533 794 1610 854 59
1638 808 1730 857 1⁶:
1776 807 1978 870 prope
2025 787 2305 877 modum]
2351 809 2550 872 prope
2595 791 2898 858 mundum

604 897 794 979 B-1G;
849 902 969 962 120
990 918 1080 966 2⁶:
1128 896 1460 980 mundum]
1507 897 1765 963 mudum
1814 895 1943 977 A¹;
1991 897 2074 963 al.
2125 898 2242 963 loc.
2290 936 2376 944 —-

690 1005 695 1011 ’
780 1012 967 1076 342³:
1050 1007 1187 1071 »Ex
1245 1007 1471 1072 eadem
1529 1006 1820 1072 Platonis
1884 1005 2105 1072 schola
2150 1007 2456 1074 Ponticus
2515 1008 2899 1076 Heraclides

603 1113 958 1199 puerilibus
1005 1113 1240 1181 fabulis
1273 1113 1535 1180 refersit
1570 1113 1770 1179 libros
1804 1119 1871 1179 et
1905 1120 2122 1180 tamen
2157 1114 2345 1181 modo
2391 1115 2714 1200 mundum,
2761 1123 2900 1185 tum

604 1229 886 1299 mentem
933 1223 1209 1290 divinam
1259 1241 1402 1290 esse
1448 1227 1638 1305 putat
1685 1242 1741 1288 e.
1777 1241 1837 1304 q.
1871 1241 1963 1290 sss
2764 1311 2774 1319 .

783 1332 1103 1401 »Tamen«
1154 1337 1421 1414 propter
1465 1350 1726 1397 sensum
1772 1331 1930 1397 ferri
1977 1350 2100 1396 non
2147 1337 2387 1413 potest,
2436 1339 2631 1416 atque
2665 1333 2901 1401 Schoe-

607 1460 874 1510 mannus
918 1441 1082 1507 scite
1126 1440 1246 1506 hoc
1293 1439 1557 1506 verbum
1606 1460 1683 1506 ex
1727 1439 1893 1507 falso
1953 1442 2126 1509 lecto·
2167 1441 2354 1526 signo
2398 1450 2500 1509 ‘cm
2549 1472 2630 1498 =
2684 1451 2895 1510 ›tum‹

610 1558 819 1621 ortum
867 1569 1010 1616 esse
1058 1549 1367 1629 coniecit,
1432 1550 1597 1632 quod
1660 1548 1965 1623 librarius
2026 1551 2128 1616 vel
2191 1552 2396 1618 lector
2461 1552 2662 1634 aliqui
2709 1553 2902 1620 verbo

612 1660 878 1726 »modo«
930 1660 1532 1741 superscripsisset,
1594 1679 1735 1726 cum
1798 1660 1989 1726 alteri
2041 1667 2253 1726 »tum«
2306 1662 2586 1728 alterum
2633 1682 2902 1746 respon-

611 1771 767 1844 dere
840 1768 1077 1835 debere
1140 1775 1458 1852 putasset.
1574 1769 1712 1836 Hoc
1779 1771 1871 1836 ita
1950 1789 2094 1836 esse
2161 1772 2451 1853 potuisse
2523 1792 2649 1839 non
2719 1780 2903 1858 nego,

615 1897 997 1960 quamquam
1046 1896 1170 1944 non
1215 1877 1553 1960 intellege,
1618 1897 1733 1943 cur
1777 1879 1982 1944 lector
2027 1879 2135 1944 ille
2181 1899 2306 1944 non
2355 1898 2631 1962 sequens
2685 1887 2898 1949 »tum«

612 1989 677 2055 in
730 1987 1037 2071 »modo«,
1108 1987 1219 2053 sed
1283 1987 1673 2057 antecedens
1740 1988 2006 2054 »modo«
2057 1988 2121 2053 in
2174 1996 2386 2055 »tum«
2441 1992 2795 2056 correxerit
2840 1998 2909 2059 et

615 2115 730 2162 cur
797 2095 944 2161 aliis
1008 2096 1201 2174 locis,
1271 2097 1377 2178 qui
1446 2114 1648 2177 prope
1695 2097 1963 2176 adsunt,
2029 2096 2135 2163 ubi
2208 2099 2437 2164 eadem
2510 2099 2778 2165 »modo«
2841 2109 2910 2168 et

618 2212 832 2272 »tum«
884 2206 1055 2277 inter
1100 2224 1170 2271 se
1217 2212 1641 2287 opponuntur,
1691 2207 1945 2273 omnino
1993 2207 2149 2272 nihil
2197 2207 2558 2273 mutaverit.
2636 2209 2762 2275 Sed
2810 2208 2904 2272 in-

615 2313 807 2383 terim
851 2330 1117 2393 prorsus
1164 2311 1536 2377 omittamus
1580 2312 1700 2377 hoc
1747 2310 2030 2378 verbum.
2122 2312 2453 2380 Habemus
2498 2314 2734 2398 igitur:
2805 2319 2913 2380 >et

617 2421 806 2486 modo
885 2420 1222 2495 mundum,
1288 2425 1424 2485 tum
1510 2427 1789 2486 mentem
1853 2421 2133 2486 divinam
2212 2441 2356 2488 esse
2419 2427 2673 2504 putat«.
2774 2423 2909 2488 Iam

620 2529 915 2611 quaestio
984 2530 1224 2612 oritur,
1307 2547 1453 2593 num
1521 2528 1747 2594 Cicero
1816 2529 2071 2594 omnino
2138 2529 2309 2596 inter
2374 2549 2445 2596 se
2513 2531 2914 2597 coniunxerit

627 2639 1144 2708 ›modo—tum«.
1236 2638 1306 2703 In
1354 2636 1756 2705 orationibus
1816 2639 2060 2708 nullum
2108 2645 2323 2706 exstat
2368 2640 2757 2723 exemplum,
2805 2659 2914 2706 ne-

621 2768 744 2832 que
807 2749 1002 2814 ullum
1071 2748 1136 2812 in
1211 2747 1507 2829 epistulis
1569 2748 1864 2830 equidem
1919 2747 2149 2813 inveni.
2261 2749 2437 2826 Quae
2507 2768 2635 2818 una
2694 2748 2912 2816 afferri

619 2863 907 2940 possunt,
957 2858 1116 2923 haec
1162 2862 1331 2940 sunt,
1379 2877 1544 2940 quae
1590 2857 1653 2921 in
1688 2858 1788 2922 his
1822 2858 1980 2940 ipsis
2025 2858 2100 2923 de
2145 2863 2382 2924 natura
2426 2857 2681 2923 deorum
2730 2857 2914 2928 libris
2971 2849 2974 2850 ⁷

621 2967 1028 3034 inveniuntur
1046 2987 1060 3032 :

797 3077 830 3142 I
877 3082 947 3144 31
981 3096 1074 3146 aa:
1142 3076 1368 3141 »Facit
1436 3076 1604 3141 enim
1647 3074 2055 3162 (Xenophon)
2107 3126 2120 3141 .
2168 3124 2183 3142 .
2236 3126 2249 3141 .
2299 3076 2632 3143 Socratem
2696 3077 2914 3160 dispu-

623 3191 904 3267 tantem,
953 3186 1226 3252 formam
1273 3184 1377 3256 dei
1424 3185 1646 3267 quaeri
1696 3204 1819 3250 non
1867 3192 2202 3268 oportere,
2252 3186 2649 3269 eundemque
2698 3191 2766 3253 et
2812 3206 2915 3256 so-

623 3295 749 3362 lem
797 3300 864 3364 et
911 3295 1190 3364 animum
1238 3294 1426 3359 deum
1472 3293 1689 3358 dicere
1738 3299 1805 3358 et
1848 3292 2087 3360 modo
2134 3313 2361 3377 unum,
2424 3299 2590 3361 tum
2636 3301 2911 3361 autem

619 3404 837 3486 plures
884 3403 1095 3469 deos.«

798 3512 863 3577 II
916 3516 1115 3580 1021:
1163 3511 1347 3593 isque
1396 3511 1549 3595 (sol)
1597 3510 1813 3577 oriens
1859 3515 1925 3577 et
1972 3512 2269 3577 occidens
2316 3511 2488 3576 diem
2534 3516 2913 3595 noctemque

626 3618 879 3690 conficit
924 3626 992 3684 et
1036 3618 1266 3685 modo
1312 3618 1661 3702 accedens,
1725 3624 1886 3685 tum
1936 3624 2215 3684 autem
2262 3620 2575 3685 recedens
2621 3619 2806 3685 binas
2853 3621 2916 3687 in

629 3729 902 3814 singulis.
952 3730 1137 3800 annis
1185 3729 1586 3800 reversiones
1633 3727 1714 3794 ab
1764 3733 2049 3794 extremo
2098 3728 2457 3795 contrarias
2504 3728 2721 3795 facit«

802 3840 834 3904 I
881 3844 960 3904 35
987 3860 1079 3910 2⁷:
1154 3838 1420 3903 »modo
1504 3839 1669 3903 enim
1751 3839 1948 3906 menti
2025 3837 2306 3904 divinum
2383 3836 2614 3903 tribuit
2683 3838 2918 3921 (Theo-

628 3948 967 4032 phrastus)
1025 3948 1491 4030 principatum,
1566 3947 1799 4014 modo
1865 3948 2081 4031 caelo,
2147 3953 2316 4013 tum
2378 3955 2654 4014 autem
2719 3947 2924 4034 signis

627 4054 1075 4137 sideribusque
1122 4054 1572 4124 caelestibus«

806 4161 838 4225 I
886 4166 1048 4229 33⁷:
1112 4162 1386 4227 »modo
1433 4161 1599 4227 enim
1647 4161 1847 4228 menti
1909 4159 2140 4227 tribuit
2187 4160 2628 4244 (Aristoteles)
2676 4178 2928 4226 omnem

637 4268 1077 4352 divinitatem,
1145 4269 1378 4336 modo
1424 4269 1728 4336 mundum
1774 4270 1983 4351 ipsum
2029 4269 2218 4334 deum
2265 4268 2424 4334 dicit
2468 4287 2644 4348 esse,
2692 4268 2927 4335 modo

632 4379 832 4445 etiam
878 4378 1200 4461 quendam
1245 4377 1539 4460 praeficit
1584 4377 1821 4445 mundo
1869 4379 2053 4460 eique
2097 4396 2208 4444 eas
2252 4380 2477 4459 partes
2523 4375 2787 4462 tribuit,
2856 4383 2929 4443 ut

633 4488 1052 4576 replicatione
1100 4488 1372 4571 quadam
1420 4489 1637 4562 mundi
1671 4496 1912 4556 motum
1961 4493 2146 4570 regat
2192 4492 2384 4578 atque
2429 4492 2710 4565 tueatur,
2760 4490 2927 4552 tum

630 4598 791 4665 caeli
837 4597 1136 4664 ardorem
1184 4598 1373 4664 deum
1422 4599 1578 4664 dicit
1625 4616 1828 4665 esses
