3408 5300
1506 395 1680 494 ἰτ

489 605 697 672 solum
741 596 1134 688 postremam
1190 605 1377 671 'illam
1444 604 1680 686 prioris
1744 603 2037 671 fasciculi
2083 602 2473 671 sententiam
2518 604 2780 688 supple-

487 719 737 795 verunt,
794 715 913 780 *sed
961 716 1155 781 etiam
1200 722 1546 796 sequentes
1591 732 1793 796 usque
1841 715 1925 780 ad
1976 714 2256 781 »dixeris
2304 733 2493 798 quam
2542 715 2786 782 deum«.

497 828 647 894 1622
697 825 1103 905 adiecerunt,
1165 830 1361 907 atque
1406 829 1637 906 postea
1684 824 1805 889 huc
1853 825 2277 906 respicientes
2320 823 2539 891 verbis
2589 821 2790 891 »Ete«

492 926 620 997 nim
667 925 724 998 si
769 933 873 998 di«
929 939 1080 1002 1620
1125 937 1426 1017 pergunt,
1476 937 1544 997 ut
1593 938 1909 1014 appareat
1953 933 2019 997 in
2061 952 2137 999 eo
2170 930 2539 1017 exemplari,
2587 955 2625 999 a
2657 952 2782 1016 quo

493 1039 750 1108 AOPV
786 1036 1101 1127 originem
1147 1041 1406 1121 ducunt,
1463 1064 1522 1120 α,
1571 1043 1931 1108 orationem
1976 1043 2169 1124 paulo
2215 1043 2467 1126 longius
2510 1042 2792 1124 perduc--

490 1157 657 1231 tam,
728 1146 807 1217 et=
832 1146 949 1232 ea,
1012 1170 1178 1235 quae
1237 1153 1368 1217 iam
1429 1156 1623 1219 antea
1681 1151 1896 1234 posita
1942 1157 2162 1233 erant,
2229 1152 2593 1234 posteriore
2637 1152 2800 1218 loco·

494 1261 713 1328 deleta
758 1261 979 1328 fuisse.
1087 1261 1270 1340 Quod
1336 1267 1552 1329 utrum
1615 1262 1743 1327 iam
1804 1262 1869 1327 in
1933 1263 2280 1346 archetypo
2340 1262 2482 1345 ipso
2541 1258 2796 1328 factum

492 1368 725 1454 fuerit,
794 1366 1000 1453 neque
1048 1371 1406 1437 diiudicare
1453 1389 1868 1455 possumuS,
1905 1390 2109 1454 neque
2170 1373 2337 1439 scire
2392 1386 2798 1458 magnopere

492 1480 800 1558 interest,
867 1481 933 1546 id
981 1486 1269 1560 constat,
1334 1480 1400 1545 in
1466 1479 1816 1562 archetypo
1877 1499 2086 1563 neque
2146 1487 2297 1550 1622
2347 1476 2784 1566 »Chrysippus

495 1589 790 1671 quideme
846 1627 919 1637 -
978 1596 1055 1656 16
1075 1619 1127 1660 22
1181 1609 1409 1672 »quam
1473 1590 1700 1656 deum«
1764 1590 1982 1671 priore
2047 1591 2187 1657 loco
2248 1590 2506 1675 addita,
2573 1608 2782 1672 neque

491 1698 745 1765 initium
813 1698 1013 1765 delati
1082 1701 1353 1766 alterius
1419 1699 1744 1777 fasciculi,
1821 1705 1968 1768 1520
2034 1705 2209 1765 »tam
2264 1699 2650 1766 multarum«
2697 1736 2787 1746 —-

501 1814 654 1876 1522
705 1815 957 1874 »motus
1012 1806 1397 1890 gubernaric
1446 1808 1548 1873 vel
1601 1812 1748 1876 1620
1800 1827 2030 1890 »quam
2076 1808 2346 1888 deum«,
2414 1808 2584 1890 quod
2641 1827 2781 1875 cum

492 1917 620 1981 iam
660 1922 853 1982 antea
885 1917 1177 1983 additum
1210 1925 1406 2000 esset,
1452 1935 1721 1998 prorsus
1766 1916 1994 1982 inutile
2027 1922 2190 1996 erat,
2238 1917 2523 1984 deletum
2562 1917 2791 2001 fuisse,

497 2045 637 2091 cum
685 2026 752 2090 Β
811 2025 913 2092 vel
958 2027 1096 2092 eius
1143 2045 1382 2107 parens
1427 2029 1469 2109 β
1517 2045 1596 2090 ex
1639 2045 1715 2091 eo
1778 2025 2291 2106 describeretur,
2364 2033 2437 2092 ut
2506 2028 2785 2110 suspicio

495 2140 865 2215 moveatur,
935 2136 1216 2202 codicem
1282 2136 1349 2200 Β
1416 2135 1836 2201 vetustiorem
1902 2134 2218 2217 praebere
2284 2136 2584 2202 lectionis
2650 2155 2785 2202 me·

493 2245 782 2310 moriam.
2191 2242 2194 2245 ’

667 2352 1024 2420 Praeterea
1068 2360 1286 2420 autem
1332 2354 1397 2419 in
1429 2353 1556 2420 AG
1582 2360 1733 2437 post
1782 2355 2061 2420 »dixeris
2110 2373 2299 2436 quam
2346 2355 2577 2422 deum‹
2631 2361 2782 2425 1620

495 2462 786 2529 immissa
846 2469 998 2530 sunt
1061 2462 1260 2529 verba
1337 2464 1679 2546 »largitate
1751 2463 1964 2529 fundit
2015 2503 2098 2512 -—
2158 2465 2425 2550 gignere
2488 2465 2802 2532 videtur(

502 2577 622 2637 156
646 2570 810 2654 2-2,
874 2571 1102 2656 quibus
1151 2577 1418 2655 quartus
1464 2573 1808 2639 fasciculus
1868 2573 2249 2657 incipiebat,
2311 2580 2386 2640 ut
2432 2593 2510 2640 ea
2555 2574 2619 2639 in
2666 2573 2798 2639 AC·

498 2680 597 2748 bis
644 2681 964 2768 legantur.
1085 2682 1268 2760 Quod
1337 2703 1449 2748 cur
1516 2684 1759 2749 factum
1822 2684 1943 2767 sit,
2014 2683 2298 2750 dubitari
2361 2705 2485 2751 non
2550 2690 2789 2767 potest.

493 2792 644 2873 Ipsa
691 2810 941 2874 quoque
989 2792 1183 2857 alicui
1228 2791 1564 2872 debentur,
1615 2793 1725 2875 qui
1771 2794 2127 2859 orationem
2170 2794 2603 2877 interruptam
2649 2796 2786 2860 lon-

494 2901 638 2982 gius
682 2900 1038 2982 perducere
1085 2899 1288 2966 voluit
1334 2906 1402 2966 et
1447 2900 1597 2966 falsi
1643 2900 1935 2968 fasciculi
1982 2903 2236 2968 initium
2284 2903 2558 2970 addidit.
2601 2900 2607 2904 ’

669 3008 937 3112 Restat,
1004 3014 1078 3073 ut
1138 3008 1217 3073 de
1267 3006 1366 3072 Β2
1411 3013 1478 3073 et
1524 3008 1613 3072 M
1669 3010 1976 3077 dicamus.
2084 3010 2184 3076 B2
2245 3011 2450 3097 igitur
2511 3013 2788 3094 primum

502 3124 576 3183 15
599 3123 827 3187 22-16
849 3146 902 3187 22
969 3123 1034 3183 et
1094 3123 1241 3199 post
1301 3138 1573 3184 vacuum
1638 3122 1916 3202 spatium
1980 3122 2429 3211 (2920111120.)
2493 3123 2790 3189 relictum

500 3233 619 3293 156
637 3257 743 3297 2-2
794 3228 856 3293 in
903 3228 1208 3293 inferiore
1242 3227 1537 3312 margine
1570 3229 1910 3311 supplevit.
1985 3231 2143 3296 Inde
2178 3229 2455 3297 efficitur
2486 3232 2795 3316 primum,

492 3337 659 3403 hunc
705 3343 1137 3402 correctorem
1183 3336 1434 3419 codice,
1503 3339 1611 3419 qui
1658 3339 1914 3404 AGPV
1948 3339 2049 3405 vel
2110 3363 2152 3403 α
2214 3340 2594 3406 simillimus
2624 3348 2786 3423 erat,

495 3464 682 3510 usum
733 3462 912 3523 esse;
975 3444 1226 3527 deinde,
1276 3446 1446 3526 quod
1494 3446 1659 3511 scire
1707 3448 1770 3509 in
1820 3448 2208 3513 correcturis
2256 3447 2394 3514 eius
2440 3450 2789 3515 aestiman-

499 3552 599 3617 dis
640 3552 976 3635 intererit,
1045 3551 1302 3633 linguae
1369 3553 1611 3620 latinae
1680 3554 1852 3619 haud
1916 3555 2286 3637 imperitum
2333 3556 2568 3637 fuisse,
2645 3577 2784 3624 cum

500 3661 696 3727 verba
746 3667 867 3726 156
890 3690 996 3729 s-9
1050 3661 1393 3742 »largitate
1456 3662 2064 3747 fundit—gignere
2129 3665 2425 3732 videtur«
2497 3666 2788 3731 mutilam

483 3771 884 3864 ‚sententiam
935 3789 1078 3835 esse
1127 3772 1517 3855 cognoverit.
1595 3772 1834 3838 Postea
1882 3779 2094 3839 aut-em
2143 3758 2286 3840 tota
2329 3794 2401 3841 re
2448 3783 2791 3858 perspecta

499 3898 623 3945 non
669 3880 873 3945 solum
923 3879 1170 3957 omnia,
1235 3899 1399 3961 quae
1445 3882 1585 3963 ipse
1651 3882 2033 3967 addiderat,
2098 3885 2213 3950 sed
2276 3886 2474 3950 etiam
2529 3892 2785 3953 1520-22

500 3988 1409 4072 »multarum—gubernari«,
1480 4008 1647 4071 quae
1715 3990 1811 4055 Βι
1876 3990 2127 4059 duobus
2191 3992 2361 4059 locisss
2420 3994 2790 4077 scripserat,

496 4098 712 4179 priore
753 4099 892 4164 loco
940 4097 1200 4164 delevit.
2181 4161 2186 4164 .

669 4207 1000 4274 CodexM
1039 4208 1312 4290 denique
1361 4212 1683 4275 consentit
1731 4229 1873 4276 cum
1905 4210 2176 4291 AGPV,
2223 4235 2285 4293 α,
2331 4219 2784 4296 praeterquam

499 4316 670 4406 quod
731 4323 881 4399 post
950 4323 1295 4385 156s-non
1345 4324 1515 4402 1620,
1563 4319 1745 4385 utin
1789 4344 1867 4399 α,
1925 4305 2039 4387 sed
2092 4327 2275 4405 1520,
2343 4330 2416 4388 ut
2461 4323 2524 4388 in
2573 4324 2641 4388 Β
2688 4343 2787 4391 se·

431 4493 436 4500 ,
498 4432 765 4511 quatur,
824 4433 897 4493 ut
958 4445 1037 4493 ex
1081 4432 1357 4510 utroque
1420 4428 1711 4494 codicum
1768 4447 2007 4513 genere
2071 4432 2464 4513 compositus
2511 4450 2656 4499 esse
2700 4435 2802 4500 vi·-

495 4536 751 4605 deatur.

667 4645 902 4713 Notam
927 4646 1125 4728 illam,
1159 4664 1351 4729 quam
1381 4646 1444 4711 II
1473 4649 1544 4711 15
1569 4646 1634 4712 in
1668 4648 2017 4732 archetypo
2040 4648 2239 4718 fuisse
2273 4670 2468 4734 supra
2493 4646 2788 4732 diximus,

2223 4765 2259 4824 2
