<?xml version="1.0" encoding="UTF-8"?>
<!DOCTYPE html PUBLIC "-//W3C//DTD XHTML 1.0 Transitional//EN"
    "http://www.w3.org/TR/xhtml1/DTD/xhtml1-transitional.dtd">
<html xmlns="http://www.w3.org/1999/xhtml" xml:lang="en" lang="en">
 <head>
  <title>
</title>
<meta http-equiv="Content-Type" content="text/html;charset=utf-8" />
  <meta name='ocr-system' content='tesseract 3.04.00' />
  <meta name='ocr-capabilities' content='ocr_page ocr_carea ocr_par ocr_line ocrx_word'/>
</head>
<body>
  <div class='ocr_page' id='page_1' title='image "./deciceronislibr02diecgoog_0014.png"; bbox 0 0 3408 5300; ppageno 0'>
   <div class='ocr_carea' id='block_1_1' title="bbox 1724 417 1804 491">
    <p class='ocr_par' dir='ltr' id='par_1_1' title="bbox 1724 417 1804 491">
     <span class='ocr_line' id='line_1_1' title="bbox 1724 417 1804 491; baseline 0.013 -1"><span class='ocrx_word' id='word_1_1' title='bbox 1724 417 1804 491; x_wconf 87' lang='grc'>14</span> 
     </span>
    </p>
   </div>
   <div class='ocr_carea' id='block_1_2' title="bbox 620 582 2924 1100">
    <p class='ocr_par' dir='ltr' id='par_1_2' title="bbox 620 582 2924 1100">
     <span class='ocr_line' id='line_1_2' title="bbox 621 582 2922 684; baseline 0.002 -24"><span class='ocrx_word' id='word_1_2' title='bbox 621 595 861 661; x_wconf 87' lang='lat' dir='ltr'>notavi.</span> <span class='ocrx_word' id='word_1_3' title='bbox 955 584 1215 680; x_wconf 84' lang='lat' dir='ltr'>Seiungi</span> <span class='ocrx_word' id='word_1_4' title='bbox 1262 582 1386 665; x_wconf 80' lang='lat' dir='ltr'>non</span> <span class='ocrx_word' id='word_1_5' title='bbox 1434 603 1653 681; x_wconf 83' lang='lat' dir='ltr'>potest</span> <span class='ocrx_word' id='word_1_6' title='bbox 1682 599 1845 665; x_wconf 90' lang='lat' dir='ltr'>haec</span> <span class='ocrx_word' id='word_1_7' title='bbox 1894 601 2188 682; x_wconf 83' lang='lat' dir='ltr'>quaestio</span> <span class='ocrx_word' id='word_1_8' title='bbox 2234 599 2315 667; x_wconf 91' lang='lat' dir='ltr'>ab</span> <span class='ocrx_word' id='word_1_9' title='bbox 2364 601 2575 668; x_wconf 88' lang='lat' dir='ltr'>altera</span> <span class='ocrx_word' id='word_1_10' title='bbox 2623 601 2703 668; x_wconf 91' lang='lat' dir='ltr'>de</span> <span class='ocrx_word' id='word_1_11' title='bbox 2751 583 2922 684; x_wconf 83' lang='lat' dir='ltr'>aspi·</span> 
     </span>
     <span class='ocr_line' id='line_1_3' title="bbox 620 693 2922 793; baseline 0.003 -24"><span class='ocrx_word' id='word_1_12' title='bbox 620 705 873 770; x_wconf 86' lang='lat' dir='ltr'>ratione</span> <span class='ocrx_word' id='word_1_13' title='bbox 942 706 1006 771; x_wconf 92' lang='lat' dir='ltr'>in</span> <span class='ocrx_word' id='word_1_14' title='bbox 1073 693 1261 773; x_wconf 88' lang='lat' dir='ltr'>initio</span> <span class='ocrx_word' id='word_1_15' title='bbox 1329 706 1672 774; x_wconf 85' lang='lat' dir='ltr'>verborum</span> <span class='ocrx_word' id='word_1_16' title='bbox 1745 707 2090 789; x_wconf 81' lang='lat' dir='ltr'>adhibita‚³</span> <span class='ocrx_word' id='word_1_17' title='bbox 2157 709 2238 775; x_wconf 90' lang='lat' dir='ltr'>de</span> <span class='ocrx_word' id='word_1_18' title='bbox 2300 729 2425 793; x_wconf 88' lang='lat' dir='ltr'>qua</span> <span class='ocrx_word' id='word_1_19' title='bbox 2483 707 2697 793; x_wconf 69' lang='lat' dir='ltr'>‘pauca</span> <span class='ocrx_word' id='word_1_20' title='bbox 2763 708 2922 778; x_wconf 88' lang='lat' dir='ltr'>dicit</span> 
     </span>
     <span class='ocr_line' id='line_1_4' title="bbox 624 799 2915 901; baseline 0.002 -20"><span class='ocrx_word' id='word_1_21' title='bbox 624 814 1038 882; x_wconf 89' lang='lat' dir='ltr'>Schwenkius</span> <span class='ocrx_word' id='word_1_22' title='bbox 1085 835 1145 898; x_wconf 91' lang='lat' dir='ltr'>p-.</span> <span class='ocrx_word' id='word_1_23' title='bbox 1196 821 1276 898; x_wconf 88' lang='grc'>6,</span> <span class='ocrx_word' id='word_1_24' title='bbox 1344 816 1485 898; x_wconf 89' lang='lat' dir='ltr'>ipse</span> <span class='ocrx_word' id='word_1_25' title='bbox 1533 816 1903 898; x_wconf 87' lang='lat' dir='ltr'>diligentius</span> <span class='ocrx_word' id='word_1_26' title='bbox 1938 799 2116 884; x_wconf 45' lang='lat' dir='ltr'>‘non</span> <span class='ocrx_word' id='word_1_27' title='bbox 2151 817 2459 901; x_wconf 83' lang='lat' dir='ltr'>quaesivi.</span> <span class='ocrx_word' id='word_1_28' title='bbox 2516 819 2691 885; x_wconf 92' lang='lat' dir='ltr'>·Hoc</span> <span class='ocrx_word' id='word_1_29' title='bbox 2738 818 2915 886; x_wconf 88' lang='lat' dir='ltr'>certe</span> 
     </span>
     <span class='ocr_line' id='line_1_5' title="bbox 627 923 2924 1010; baseline 0.002 -19"><span class='ocrx_word' id='word_1_30' title='bbox 627 925 920 1008; x_wconf 88' lang='lat' dir='ltr'>sequitur</span> <span class='ocrx_word' id='word_1_31' title='bbox 965 926 1030 991; x_wconf 92' lang='lat' dir='ltr'>in</span> <span class='ocrx_word' id='word_1_32' title='bbox 1076 924 1177 991; x_wconf 89' lang='lat' dir='ltr'>his</span> <span class='ocrx_word' id='word_1_33' title='bbox 1222 923 1416 991; x_wconf 89' lang='lat' dir='ltr'>rebus</span> <span class='ocrx_word' id='word_1_34' title='bbox 1464 924 1757 993; x_wconf 90' lang='lat' dir='ltr'>omnibus</span> <span class='ocrx_word' id='word_1_35' title='bbox 1820 927 2107 992; x_wconf 87' lang='lat' dir='ltr'>codicum</span> <span class='ocrx_word' id='word_1_36' title='bbox 2154 928 2638 994; x_wconf 89' lang='lat' dir='ltr'>auctoritatem</span> <span class='ocrx_word' id='word_1_37' title='bbox 2657 946 2924 1010; x_wconf 83' lang='lat' dir='ltr'>prorsus</span> 
     </span>
     <span class='ocr_line' id='line_1_6' title="bbox 623 1022 1167 1100; baseline 0.006 -3"><span class='ocrx_word' id='word_1_38' title='bbox 623 1022 861 1099; x_wconf 87' lang='lat' dir='ltr'>nullam</span> <span class='ocrx_word' id='word_1_39' title='bbox 911 1022 1074 1100; x_wconf 83' lang='grc'><strong>6336.</strong></span> <span class='ocrx_word' id='word_1_40' title='bbox 1164 1044 1167 1051; x_wconf 75' lang='grc'>’</span> 
     </span>
    </p>
   </div>
   <div class='ocr_carea' id='block_1_3' title="bbox 626 1250 3031 4715">
    <p class='ocr_par' dir='ltr' id='par_1_3' title="bbox 803 1250 2918 1336">
     <span class='ocr_line' id='line_1_7' title="bbox 803 1250 2918 1336; baseline 0.002 -20"><span class='ocrx_word' id='word_1_41' title='bbox 803 1252 938 1317; x_wconf 87' lang='lat' dir='ltr'>Iam</span> <span class='ocrx_word' id='word_1_42' title='bbox 985 1250 1360 1334; x_wconf 90' lang='lat' dir='ltr'>priusquam</span> <span class='ocrx_word' id='word_1_43' title='bbox 1406 1251 1487 1318; x_wconf 90' lang='lat' dir='ltr'>ad</span> <span class='ocrx_word' id='word_1_44' title='bbox 1535 1251 1827 1336; x_wconf 91' lang='lat' dir='ltr'>singulos</span> <span class='ocrx_word' id='word_1_45' title='bbox 1889 1252 2145 1319; x_wconf 90' lang='lat' dir='ltr'>codices</span> <span class='ocrx_word' id='word_1_46' title='bbox 2191 1253 2619 1320; x_wconf 88' lang='lat' dir='ltr'>recensendos</span> <span class='ocrx_word' id='word_1_47' title='bbox 2666 1260 2918 1320; x_wconf 86' lang='lat' dir='ltr'>transe-</span> 
     </span>
    </p>

    <p class='ocr_par' dir='ltr' id='par_1_4' title="bbox 629 1360 2693 1556">
     <span class='ocr_line' id='line_1_8' title="bbox 629 1360 2351 1481; baseline 0.001 -55"><span class='ocrx_word' id='word_1_48' title='bbox 629 1378 832 1481; x_wconf 77' lang='lat' dir='ltr'>amuS,</span> <span class='ocrx_word' id='word_1_49' title='bbox 880 1378 915 1426; x_wconf 91' lang='lat' dir='ltr'>e</span> <span class='ocrx_word' id='word_1_50' title='bbox 960 1379 1033 1425; x_wconf 87' lang='lat' dir='ltr'>re</span> <span class='ocrx_word' id='word_1_51' title='bbox 1081 1360 1208 1425; x_wconf 89' lang='lat' dir='ltr'>erit</span> <span class='ocrx_word' id='word_1_52' title='bbox 1250 1360 1588 1427; x_wconf 89' lang='lat' dir='ltr'>nonnullos</span> <span class='ocrx_word' id='word_1_53' title='bbox 1633 1362 1838 1426; x_wconf 93' lang='lat' dir='ltr'>locos·</span> <span class='ocrx_word' id='word_1_54' title='bbox 1856 1361 2200 1445; x_wconf 83' lang='lat' dir='ltr'>inspicere,</span> <span class='ocrx_word' id='word_1_55' title='bbox 2244 1361 2351 1444; x_wconf 90' lang='lat' dir='ltr'>qui</span> 
     </span>
     <span class='ocr_line' id='line_1_9' title="bbox 862 1469 2693 1556; baseline 0.001 -20"><span class='ocrx_word' id='word_1_56' title='bbox 862 1469 1200 1537; x_wconf 83' lang='lat' dir='ltr'>universe</span> <span class='ocrx_word' id='word_1_57' title='bbox 1244 1487 1426 1556; x_wconf 83' lang='lat' dir='ltr'>quae</span> <span class='ocrx_word' id='word_1_58' title='bbox 1474 1470 1666 1539; x_wconf 86' lang='lat' dir='ltr'>ratio</span> <span class='ocrx_word' id='word_1_59' title='bbox 1712 1470 2130 1539; x_wconf 77' lang='lat' dir='ltr'><strong>intercedat</strong></span> <span class='ocrx_word' id='word_1_60' title='bbox 2167 1471 2365 1539; x_wconf 85' lang='lat' dir='ltr'>inter</span> <span class='ocrx_word' id='word_1_61' title='bbox 2409 1470 2693 1539; x_wconf 86' lang='lat' dir='ltr'>codices</span> 
     </span>
    </p>

    <p class='ocr_par' dir='ltr' id='par_1_5' title="bbox 628 1578 2934 2538">
     <span class='ocr_line' id='line_1_10' title="bbox 630 1578 1082 1644; baseline 0 0"><span class='ocrx_word' id='word_1_62' title='bbox 630 1596 745 1644; x_wconf 88' lang='lat' dir='ltr'>nos</span> <span class='ocrx_word' id='word_1_63' title='bbox 792 1578 1082 1644; x_wconf 82' lang='lat' dir='ltr'>doceant.</span> 
     </span>
     <span class='ocr_line' id='line_1_11' title="bbox 650 1686 2919 1778; baseline 0.001 -26"><span class='ocrx_word' id='word_1_64' title='bbox 650 1702 653 1703; x_wconf 69' lang='grc'>’</span> <span class='ocrx_word' id='word_1_65' title='bbox 798 1687 831 1752; x_wconf 94' lang='grc' dir='ltr'>Ι</span> <span class='ocrx_word' id='word_1_66' title='bbox 883 1693 1087 1756; x_wconf 73' lang='grc' dir='ltr'><strong>114οε</strong></span> <span class='ocrx_word' id='word_1_67' title='bbox 1175 1686 1348 1753; x_wconf 82' lang='grc' dir='ltr'><strong>»Ν66</strong></span> <span class='ocrx_word' id='word_1_68' title='bbox 1388 1688 1621 1770; x_wconf 53' lang='lat' dir='ltr'>(neca,</span> <span class='ocrx_word' id='word_1_69' title='bbox 1669 1707 1701 1753; x_wconf 95' lang='lat' dir='ltr'>c</span> <span class='ocrx_word' id='word_1_70' title='bbox 1749 1688 1821 1753; x_wconf 74' lang='lat' dir='ltr'>in</span> <span class='ocrx_word' id='word_1_71' title='bbox 1864 1708 1996 1754; x_wconf 81' lang='lat' dir='ltr'>r.as</span> <span class='ocrx_word' id='word_1_72' title='bbox 2044 1694 2111 1772; x_wconf 76' lang='lat'>2,</span> <span class='ocrx_word' id='word_1_73' title='bbox 2154 1688 2260 1768; x_wconf 89' lang='grc' dir='ltr'>Β;</span> <span class='ocrx_word' id='word_1_74' title='bbox 2302 1689 2564 1770; x_wconf 70' lang='lat' dir='ltr'>neque?</span> <span class='ocrx_word' id='word_1_75' title='bbox 2593 1689 2653 1772; x_wconf 91' lang='lat'>1)</span> <span class='ocrx_word' id='word_1_76' title='bbox 2700 1688 2919 1778; x_wconf 81' lang='lat' dir='ltr'>tamen</span> 
     </span>
     <span class='ocr_line' id='line_1_12' title="bbox 626 1772 2920 1882; baseline -0.001 -17.997"><span class='ocrx_word' id='word_1_77' title='bbox 626 1795 850 1877; x_wconf 90' lang='lat' dir='ltr'>video,</span> <span class='ocrx_word' id='word_1_78' title='bbox 915 1796 1230 1878; x_wconf 92' lang='lat' dir='ltr'>quomodo</span> <span class='ocrx_word' id='word_1_79' title='bbox 1278 1816 1400 1862; x_wconf 88' lang='lat' dir='ltr'>non</span> <span class='ocrx_word' id='word_1_80' title='bbox 1446 1804 1747 1863; x_wconf 80' lang='lat' dir='ltr'>vereatur</span> <span class='ocrx_word' id='word_1_81' title='bbox 1793 1797 1918 1863; x_wconf 91' lang='lat' dir='ltr'>iste</span> <span class='ocrx_word' id='word_1_82' title='bbox 1966 1781 2123 1863; x_wconf 89' lang='lat' dir='ltr'>deus</span> <span class='ocrx_word' id='word_1_83' title='bbox 2173 1797 2399 1864; x_wconf 90' lang='lat' dir='ltr'>beatus</span> <span class='ocrx_word' id='word_1_84' title='bbox 2455 1772 2717 1882; x_wconf 85' lang='lat' dir='ltr'>(beatus</span> <span class='ocrx_word' id='word_1_85' title='bbox 2760 1816 2920 1864; x_wconf 82' lang='lat' dir='ltr'>corr.</span> 
     </span>
     <span class='ocr_line' id='line_1_13' title="bbox 628 1903 2917 1987; baseline 0.001 -17"><span class='ocrx_word' id='word_1_86' title='bbox 628 1909 668 1970; x_wconf 88' lang='lat'><strong><em>1</em></strong></span> <span class='ocrx_word' id='word_1_87' title='bbox 698 1925 774 1969; x_wconf 81' lang='lat' dir='ltr'>ex</span> <span class='ocrx_word' id='word_1_88' title='bbox 818 1903 1011 1971; x_wconf 89' lang='lat' dir='ltr'>batus</span> <span class='ocrx_word' id='word_1_89' title='bbox 1055 1903 1142 1987; x_wconf 85' lang='lat' dir='ltr'>A,</span> <span class='ocrx_word' id='word_1_90' title='bbox 1199 1924 1321 1972; x_wconf 88' lang='lat' dir='ltr'>non</span> <span class='ocrx_word' id='word_1_91' title='bbox 1369 1911 1700 1972; x_wconf 89' lang='lat' dir='ltr'>moveatur</span> <span class='ocrx_word' id='word_1_92' title='bbox 1747 1905 1872 1971; x_wconf 91' lang='lat' dir='ltr'>iste</span> <span class='ocrx_word' id='word_1_93' title='bbox 1920 1905 2078 1971; x_wconf 93' lang='lat' dir='ltr'>deus</span> <span class='ocrx_word' id='word_1_94' title='bbox 2126 1904 2355 1972; x_wconf 90' lang='lat' dir='ltr'>beatus</span> <span class='ocrx_word' id='word_1_95' title='bbox 2405 1905 2473 1985; x_wconf 79' lang='grc' dir='ltr'>Ο,</span> <span class='ocrx_word' id='word_1_96' title='bbox 2523 1925 2647 1973; x_wconf 92' lang='lat' dir='ltr'>non</span> <span class='ocrx_word' id='word_1_97' title='bbox 2695 1925 2917 1972; x_wconf 88' lang='lat' dir='ltr'>verea-</span> 
     </span>
     <span class='ocr_line' id='line_1_14' title="bbox 630 2013 2922 2105; baseline 0 -25"><span class='ocrx_word' id='word_1_98' title='bbox 630 2021 737 2080; x_wconf 88' lang='lat' dir='ltr'>tur</span> <span class='ocrx_word' id='word_1_99' title='bbox 783 2013 903 2098; x_wconf 88' lang='lat' dir='ltr'>(vel</span> <span class='ocrx_word' id='word_1_100' title='bbox 933 2021 1155 2081; x_wconf 86' lang='lat' dir='ltr'>vereat</span> <span class='ocrx_word' id='word_1_101' title='bbox 1174 2015 1236 2096; x_wconf 72' lang='grc'>,9)</span> <span class='ocrx_word' id='word_1_102' title='bbox 1272 2016 1428 2081; x_wconf 91' lang='lat' dir='ltr'>deus</span> <span class='ocrx_word' id='word_1_103' title='bbox 1476 2035 1555 2080; x_wconf 92' lang='lat' dir='ltr'>ne</span> <span class='ocrx_word' id='word_1_104' title='bbox 1596 2015 1884 2082; x_wconf 89' lang='lat' dir='ltr'>intereat</span> <span class='ocrx_word' id='word_1_105' title='bbox 1918 2015 2033 2095; x_wconf 90' lang='lat' dir='ltr'>B¹‚</span> <span class='ocrx_word' id='word_1_106' title='bbox 2080 2035 2205 2082; x_wconf 89' lang='lat' dir='ltr'>non</span> <span class='ocrx_word' id='word_1_107' title='bbox 2240 2022 2547 2105; x_wconf 75' lang='lat' dir='ltr'>vereatur</span> <span class='ocrx_word' id='word_1_108' title='bbox 2590 2016 2715 2082; x_wconf 88' lang='lat' dir='ltr'>iste</span> <span class='ocrx_word' id='word_1_109' title='bbox 2764 2016 2922 2082; x_wconf 90' lang='lat' dir='ltr'>deus</span> 
     </span>
     <span class='ocr_line' id='line_1_15' title="bbox 630 2122 2926 2218; baseline 0.001 -29"><span class='ocrx_word' id='word_1_110' title='bbox 630 2122 863 2190; x_wconf 88' lang='lat' dir='ltr'>beatus</span> <span class='ocrx_word' id='word_1_111' title='bbox 909 2143 989 2191; x_wconf 90' lang='lat' dir='ltr'>ne</span> <span class='ocrx_word' id='word_1_112' title='bbox 1036 2125 1318 2190; x_wconf 86' lang='lat' dir='ltr'>intereat</span> <span class='ocrx_word' id='word_1_113' title='bbox 1363 2124 1656 2208; x_wconf 77' lang='lat' dir='ltr'>B2FM),</span> <span class='ocrx_word' id='word_1_114' title='bbox 1707 2145 1853 2218; x_wconf 87' lang='lat' dir='ltr'>cum</span> <span class='ocrx_word' id='word_1_115' title='bbox 1900 2127 2120 2208; x_wconf 88' lang='lat' dir='ltr'>(quum</span> <span class='ocrx_word' id='word_1_116' title='bbox 2153 2124 2316 2210; x_wconf 87' lang='lat' dir='ltr'>BF)</span> <span class='ocrx_word' id='word_1_117' title='bbox 2362 2128 2499 2192; x_wconf 89' lang='lat' dir='ltr'>sine</span> <span class='ocrx_word' id='word_1_118' title='bbox 2548 2127 2677 2192; x_wconf 90' lang='lat' dir='ltr'>ulla</span> <span class='ocrx_word' id='word_1_119' title='bbox 2722 2126 2926 2192; x_wconf 90' lang='lat' dir='ltr'>inter·</span> 
     </span>
     <span class='ocr_line' id='line_1_16' title="bbox 633 2233 2930 2318; baseline 0.001 -20"><span class='ocrx_word' id='word_1_120' title='bbox 633 2233 938 2300; x_wconf 82' lang='lat' dir='ltr'>missione</span> <span class='ocrx_word' id='word_1_121' title='bbox 1000 2234 1325 2318; x_wconf 85' lang='lat' dir='ltr'>(·n1isione</span> <span class='ocrx_word' id='word_1_122' title='bbox 1365 2234 1458 2318; x_wconf 91' lang='lat' dir='ltr'>A)</span> <span class='ocrx_word' id='word_1_123' title='bbox 1513 2237 1806 2316; x_wconf 86' lang='lat' dir='ltr'>pulsetur</span> <span class='ocrx_word' id='word_1_124' title='bbox 1852 2234 2264 2318; x_wconf 80' lang='lat' dir='ltr'>agiteturque</span> <span class='ocrx_word' id='word_1_125' title='bbox 2312 2242 2673 2301; x_wconf 84' lang='lat' dir='ltr'>atomorum</span> <span class='ocrx_word' id='word_1_126' title='bbox 2718 2236 2930 2301; x_wconf 89' lang='lat' dir='ltr'>incur·</span> 
     </span>
     <span class='ocr_line' id='line_1_17' title="bbox 634 2342 2934 2428; baseline 0.001 -20"><span class='ocrx_word' id='word_1_127' title='bbox 634 2342 814 2408; x_wconf 84' lang='lat' dir='ltr'>sione</span> <span class='ocrx_word' id='word_1_128' title='bbox 862 2344 1287 2426; x_wconf 89' lang='lat' dir='ltr'>sempiterna,</span> <span class='ocrx_word' id='word_1_129' title='bbox 1352 2346 1620 2425; x_wconf 87' lang='lat' dir='ltr'>cumque</span> <span class='ocrx_word' id='word_1_130' title='bbox 1687 2362 1766 2408; x_wconf 86' lang='lat' dir='ltr'>ex</span> <span class='ocrx_word' id='word_1_131' title='bbox 1826 2344 1967 2425; x_wconf 87' lang='lat' dir='ltr'>ipso</span> <span class='ocrx_word' id='word_1_132' title='bbox 2013 2344 2331 2428; x_wconf 84' lang='lat' dir='ltr'>imagines</span> <span class='ocrx_word' id='word_1_133' title='bbox 2391 2363 2645 2426; x_wconf 87' lang='lat' dir='ltr'>semper</span> <span class='ocrx_word' id='word_1_134' title='bbox 2693 2342 2934 2410; x_wconf 87' lang='lat' dir='ltr'>afluant</span> 
     </span>
     <span class='ocr_line' id='line_1_18' title="bbox 636 2450 2928 2538; baseline 0 -22"><span class='ocrx_word' id='word_1_135' title='bbox 636 2450 781 2537; x_wconf 79' lang='lat'>(13¹,</span> <span class='ocrx_word' id='word_1_136' title='bbox 814 2451 1080 2518; x_wconf 80' lang='lat' dir='ltr'>affluant</span> <span class='ocrx_word' id='word_1_137' title='bbox 1100 2453 1253 2538; x_wconf 62' lang='lat' dir='ltr'>cet).</span> <span class='ocrx_word' id='word_1_138' title='bbox 1317 2454 1419 2519; x_wconf 89' lang='lat' dir='ltr'>Ita</span> <span class='ocrx_word' id='word_1_139' title='bbox 1443 2472 1558 2517; x_wconf 92' lang='lat' dir='ltr'>nec</span> <span class='ocrx_word' id='word_1_140' title='bbox 1585 2451 1817 2518; x_wconf 90' lang='lat' dir='ltr'>beatus</span> <span class='ocrx_word' id='word_1_141' title='bbox 1852 2459 1952 2518; x_wconf 89' lang='lat' dir='ltr'>est</span> <span class='ocrx_word' id='word_1_142' title='bbox 1984 2459 2197 2518; x_wconf 88' lang='lat' dir='ltr'>vester</span> <span class='ocrx_word' id='word_1_143' title='bbox 2223 2454 2381 2519; x_wconf 88' lang='lat' dir='ltr'>deus</span> <span class='ocrx_word' id='word_1_144' title='bbox 2415 2472 2531 2518; x_wconf 91' lang='lat' dir='ltr'>nec</span> <span class='ocrx_word' id='word_1_145' title='bbox 2565 2459 2928 2519; x_wconf 67' lang='lat' dir='ltr'>aeternus«</span> 
     </span>
    </p>

    <p class='ocr_par' dir='ltr' id='par_1_6' title="bbox 633 2544 3031 4604">
     <span class='ocr_line' id='line_1_19' title="bbox 817 2544 2929 2656; baseline -0 -28"><span class='ocrx_word' id='word_1_146' title='bbox 817 2563 1038 2628; x_wconf 88' lang='lat' dir='ltr'>Cicero</span> <span class='ocrx_word' id='word_1_147' title='bbox 1070 2568 1407 2645; x_wconf 88' lang='lat' dir='ltr'>postquam</span> <span class='ocrx_word' id='word_1_148' title='bbox 1445 2562 1709 2644; x_wconf 86' lang='lat' dir='ltr'>Epicuri</span> <span class='ocrx_word' id='word_1_149' title='bbox 1743 2544 2329 2629; x_wconf 88' lang='lat' dir='ltr'>deos-immortales</span> <span class='ocrx_word' id='word_1_150' title='bbox 2377 2581 2520 2628; x_wconf 92' lang='lat' dir='ltr'>esse</span> <span class='ocrx_word' id='word_1_151' title='bbox 2569 2581 2691 2656; x_wconf 87' lang='lat' dir='ltr'>non</span> <span class='ocrx_word' id='word_1_152' title='bbox 2737 2578 2929 2644; x_wconf 86' lang='lat' dir='ltr'>posse</span> 
     </span>
     <span class='ocr_line' id='line_1_20' title="bbox 648 2671 2929 2757; baseline -0 -19"><span class='ocrx_word' id='word_1_153' title='bbox 648 2673 973 2754; x_wconf 85' lang='lat' dir='ltr'>exposuit,</span> <span class='ocrx_word' id='word_1_154' title='bbox 1036 2672 1118 2738; x_wconf 87' lang='lat' dir='ltr'>ad</span> <span class='ocrx_word' id='word_1_155' title='bbox 1165 2671 1631 2740; x_wconf 84' lang='lat' dir='ltr'>beatitudinem</span> <span class='ocrx_word' id='word_1_156' title='bbox 1698 2673 1872 2757; x_wconf 89' lang='lat' dir='ltr'>(duri</span> <span class='ocrx_word' id='word_1_157' title='bbox 1916 2671 2094 2738; x_wconf 88' lang='lat' dir='ltr'>verbi</span> <span class='ocrx_word' id='word_1_158' title='bbox 2141 2673 2280 2755; x_wconf 89' lang='lat' dir='ltr'>ipse</span> <span class='ocrx_word' id='word_1_159' title='bbox 2327 2677 2553 2738; x_wconf 82' lang='lat' dir='ltr'>auctor</span> <span class='ocrx_word' id='word_1_160' title='bbox 2598 2677 2699 2738; x_wconf 87' lang='lat' dir='ltr'>est</span> <span class='ocrx_word' id='word_1_161' title='bbox 2745 2672 2782 2755; x_wconf 63' lang='grc' dir='ltr'>ξ</span> <span class='ocrx_word' id='word_1_162' title='bbox 2819 2673 2929 2754; x_wconf 87' lang='grc'>95)</span> 
     </span>
     <span class='ocr_line' id='line_1_21' title="bbox 633 2779 2927 2868; baseline -0.001 -20"><span class='ocrx_word' id='word_1_163' title='bbox 633 2783 873 2849; x_wconf 88' lang='lat' dir='ltr'>transit</span> <span class='ocrx_word' id='word_1_164' title='bbox 918 2783 952 2866; x_wconf 63' lang='grc' dir='ltr'><strong>ἓ</strong></span> <span class='ocrx_word' id='word_1_165' title='bbox 989 2788 1142 2849; x_wconf 87' lang='lat'>110:</span> <span class='ocrx_word' id='word_1_166' title='bbox 1196 2781 1426 2849; x_wconf 73' lang='lat' dir='ltr'>»Nullo</span> <span class='ocrx_word' id='word_1_167' title='bbox 1469 2784 1679 2868; x_wconf 45' lang='lat' dir='ltr'>igitur¹</span> <span class='ocrx_word' id='word_1_168' title='bbox 1721 2784 1908 2849; x_wconf 86' lang='lat' dir='ltr'>modo</span> <span class='ocrx_word' id='word_1_169' title='bbox 1955 2781 2381 2849; x_wconf 86' lang='lat' dir='ltr'>immortalem</span> <span class='ocrx_word' id='word_1_170' title='bbox 2416 2782 2606 2848; x_wconf 91' lang='lat' dir='ltr'>deum</span> <span class='ocrx_word' id='word_1_171' title='bbox 2651 2779 2927 2846; x_wconf 87' lang='lat' dir='ltr'>efficitis.</span> 
     </span>
     <span class='ocr_line' id='line_1_22' title="bbox 638 2890 2928 2974; baseline 0 -18"><span class='ocrx_word' id='word_1_172' title='bbox 638 2890 988 2957; x_wconf 88' lang='lat' dir='ltr'>Videamus</span> <span class='ocrx_word' id='word_1_173' title='bbox 1052 2912 1217 2958; x_wconf 91' lang='lat' dir='ltr'>nunc</span> <span class='ocrx_word' id='word_1_174' title='bbox 1286 2892 1366 2958; x_wconf 91' lang='lat' dir='ltr'>de</span> <span class='ocrx_word' id='word_1_175' title='bbox 1430 2892 1687 2960; x_wconf 78' lang='lat' dir='ltr'>beato«.</span> <span class='ocrx_word' id='word_1_176' title='bbox 1781 2893 1966 2959; x_wconf 87' lang='lat' dir='ltr'>Beati</span> <span class='ocrx_word' id='word_1_177' title='bbox 2028 2897 2247 2959; x_wconf 87' lang='lat' dir='ltr'>autem</span> <span class='ocrx_word' id='word_1_178' title='bbox 2293 2890 2554 2974; x_wconf 90' lang='lat' dir='ltr'>Epicuri</span> <span class='ocrx_word' id='word_1_179' title='bbox 2614 2890 2719 2956; x_wconf 92' lang='lat' dir='ltr'>dei</span> <span class='ocrx_word' id='word_1_180' title='bbox 2783 2908 2928 2956; x_wconf 86' lang='lat' dir='ltr'>esse</span> 
     </span>
     <span class='ocr_line' id='line_1_23' title="bbox 641 2997 2928 3094; baseline -0.001 -30"><span class='ocrx_word' id='word_1_181' title='bbox 641 3018 764 3065; x_wconf 90' lang='lat' dir='ltr'>non</span> <span class='ocrx_word' id='word_1_182' title='bbox 809 3006 1098 3082; x_wconf 89' lang='lat' dir='ltr'>possunt,</span> <span class='ocrx_word' id='word_1_183' title='bbox 1168 3000 1337 3082; x_wconf 88' lang='lat' dir='ltr'>quod</span> <span class='ocrx_word' id='word_1_184' title='bbox 1386 3001 1547 3067; x_wconf 90' lang='lat' dir='ltr'>nihil</span> <span class='ocrx_word' id='word_1_185' title='bbox 1596 3007 1814 3085; x_wconf 89' lang='lat' dir='ltr'>agunt,</span> <span class='ocrx_word' id='word_1_186' title='bbox 1878 3019 2044 3085; x_wconf 89' lang='lat' dir='ltr'>nam,</span> <span class='ocrx_word' id='word_1_187' title='bbox 2103 2998 2214 3083; x_wconf 90' lang='lat' dir='ltr'>qui</span> <span class='ocrx_word' id='word_1_188' title='bbox 2259 2999 2414 3094; x_wconf 89' lang='lat' dir='ltr'>nihil</span> <span class='ocrx_word' id='word_1_189' title='bbox 2463 2999 2621 3084; x_wconf 84' lang='lat' dir='ltr'>agit,</span> <span class='ocrx_word' id='word_1_190' title='bbox 2690 2997 2928 3064; x_wconf 89' lang='lat' dir='ltr'>virtute</span> 
     </span>
     <span class='ocr_line' id='line_1_24' title="bbox 639 3106 2928 3192; baseline -0.001 -17"><span class='ocrx_word' id='word_1_191' title='bbox 639 3112 853 3190; x_wconf 88' lang='lat' dir='ltr'>caret,</span> <span class='ocrx_word' id='word_1_192' title='bbox 920 3115 987 3176; x_wconf 87' lang='lat' dir='ltr'>et</span> <span class='ocrx_word' id='word_1_193' title='bbox 1046 3110 1185 3176; x_wconf 88' lang='lat' dir='ltr'>sine</span> <span class='ocrx_word' id='word_1_194' title='bbox 1245 3111 1482 3177; x_wconf 91' lang='lat' dir='ltr'>virtute</span> <span class='ocrx_word' id='word_1_195' title='bbox 1544 3109 1775 3176; x_wconf 90' lang='lat' dir='ltr'>beatus</span> <span class='ocrx_word' id='word_1_196' title='bbox 1835 3129 2019 3177; x_wconf 88' lang='lat' dir='ltr'>nemo</span> <span class='ocrx_word' id='word_1_197' title='bbox 2067 3109 2337 3192; x_wconf 86' lang='lat' dir='ltr'>cogitari</span> <span class='ocrx_word' id='word_1_198' title='bbox 2383 3113 2621 3191; x_wconf 89' lang='lat' dir='ltr'>potest.</span> <span class='ocrx_word' id='word_1_199' title='bbox 2712 3106 2928 3173; x_wconf 88' lang='lat' dir='ltr'>Etiam</span> 
     </span>
     <span class='ocr_line' id='line_1_25' title="bbox 640 3218 2932 3302; baseline -0.002 -17"><span class='ocrx_word' id='word_1_200' title='bbox 640 3219 931 3300; x_wconf 88' lang='lat' dir='ltr'>corporis</span> <span class='ocrx_word' id='word_1_201' title='bbox 962 3219 1218 3286; x_wconf 89' lang='lat' dir='ltr'>illarum</span> <span class='ocrx_word' id='word_1_202' title='bbox 1252 3222 1652 3302; x_wconf 89' lang='lat' dir='ltr'>voluptatum</span> <span class='ocrx_word' id='word_1_203' title='bbox 1686 3227 1985 3302; x_wconf 88' lang='lat' dir='ltr'>expertes</span> <span class='ocrx_word' id='word_1_204' title='bbox 2025 3221 2212 3300; x_wconf 74' lang='lat' dir='ltr'>sunt,</span> <span class='ocrx_word' id='word_1_205' title='bbox 2243 3225 2315 3285; x_wconf 86' lang='lat' dir='ltr'>ut</span> <span class='ocrx_word' id='word_1_206' title='bbox 2359 3220 2426 3284; x_wconf 93' lang='lat' dir='ltr'>in</span> <span class='ocrx_word' id='word_1_207' title='bbox 2470 3218 2572 3284; x_wconf 87' lang='lat' dir='ltr'>his</span> <span class='ocrx_word' id='word_1_208' title='bbox 2618 3235 2932 3284; x_wconf 89' lang='lat' dir='ltr'>summum</span> 
     </span>
     <span class='ocr_line' id='line_1_26' title="bbox 644 3313 2938 3411; baseline -0 -18"><span class='ocrx_word' id='word_1_209' title='bbox 644 3326 878 3394; x_wconf 90' lang='lat' dir='ltr'>bonum</span> <span class='ocrx_word' id='word_1_210' title='bbox 939 3313 1221 3410; x_wconf 83' lang='lat' dir='ltr'>positum</span> <span class='ocrx_word' id='word_1_211' title='bbox 1268 3348 1410 3395; x_wconf 91' lang='lat' dir='ltr'>esse</span> <span class='ocrx_word' id='word_1_212' title='bbox 1456 3330 1739 3411; x_wconf 90' lang='lat' dir='ltr'>Epicuro</span> <span class='ocrx_word' id='word_1_213' title='bbox 1811 3328 2255 3396; x_wconf 86' lang='lat' dir='ltr'>concedamus.</span> <span class='ocrx_word' id='word_1_214' title='bbox 2303 3366 2383 3376; x_wconf 94' lang='lat'><strong>—</strong></span> <span class='ocrx_word' id='word_1_215' title='bbox 2435 3329 2518 3393; x_wconf 87' lang='lat' dir='ltr'>At</span> <span class='ocrx_word' id='word_1_216' title='bbox 2564 3327 2785 3392; x_wconf 89' lang='lat' dir='ltr'>dolore</span> <span class='ocrx_word' id='word_1_217' title='bbox 2830 3346 2938 3392; x_wconf 88' lang='lat' dir='ltr'>va·</span> 
     </span>
     <span class='ocr_line' id='line_1_27' title="bbox 643 3436 2939 3518; baseline 0 -16"><span class='ocrx_word' id='word_1_218' title='bbox 643 3442 813 3502; x_wconf 88' lang='lat' dir='ltr'>cant.</span> <span class='ocrx_word' id='word_1_219' title='bbox 859 3472 946 3484; x_wconf 90' lang='lat'><em>-</em></span> <span class='ocrx_word' id='word_1_220' title='bbox 1008 3437 1146 3503; x_wconf 93' lang='lat' dir='ltr'>Hoc</span> <span class='ocrx_word' id='word_1_221' title='bbox 1214 3457 1406 3503; x_wconf 90' lang='lat' dir='ltr'>unum</span> <span class='ocrx_word' id='word_1_222' title='bbox 1470 3436 1733 3504; x_wconf 88' lang='lat' dir='ltr'>beatam</span> <span class='ocrx_word' id='word_1_223' title='bbox 1799 3438 1993 3505; x_wconf 89' lang='lat' dir='ltr'>vitam</span> <span class='ocrx_word' id='word_1_224' title='bbox 2058 3437 2314 3504; x_wconf 84' lang='lat' dir='ltr'>efficere</span> <span class='ocrx_word' id='word_1_225' title='bbox 2372 3456 2499 3503; x_wconf 90' lang='lat' dir='ltr'>non</span> <span class='ocrx_word' id='word_1_226' title='bbox 2566 3441 2804 3518; x_wconf 89' lang='lat' dir='ltr'>potest.</span> <span class='ocrx_word' id='word_1_227' title='bbox 2853 3463 2939 3482; x_wconf 45' lang='grc' dir='ltr'>-ὲ</span> 
     </span>
     <span class='ocr_line' id='line_1_28' title="bbox 644 3542 2943 3629; baseline 0 -23"><span class='ocrx_word' id='word_1_228' title='bbox 644 3542 731 3608; x_wconf 85' lang='lat' dir='ltr'>:Et</span> <span class='ocrx_word' id='word_1_229' title='bbox 764 3543 1025 3608; x_wconf 88' lang='lat' dir='ltr'>assidue</span> <span class='ocrx_word' id='word_1_230' title='bbox 1058 3544 1137 3608; x_wconf 88' lang='lat' dir='ltr'>de</span> <span class='ocrx_word' id='word_1_231' title='bbox 1172 3542 1571 3610; x_wconf 88' lang='lat' dir='ltr'>beatitudine</span> <span class='ocrx_word' id='word_1_232' title='bbox 1618 3563 1738 3611; x_wconf 88' lang='lat' dir='ltr'>sua</span> <span class='ocrx_word' id='word_1_233' title='bbox 1785 3544 2097 3629; x_wconf 87' lang='lat' dir='ltr'>cogitant.</span> <span class='ocrx_word' id='word_1_234' title='bbox 2131 3579 2218 3591; x_wconf 91' lang='lat'><em>-</em></span> <span class='ocrx_word' id='word_1_235' title='bbox 2250 3543 2388 3609; x_wconf 93' lang='lat' dir='ltr'>Hoc</span> <span class='ocrx_word' id='word_1_236' title='bbox 2434 3543 2772 3609; x_wconf 90' lang='lat' dir='ltr'>ridiculum</span> <span class='ocrx_word' id='word_1_237' title='bbox 2821 3546 2943 3620; x_wconf 88' lang='lat' dir='ltr'>est,</span> 
     </span>
     <span class='ocr_line' id='line_1_29' title="bbox 644 3649 2943 3736; baseline 0.001 -22"><span class='ocrx_word' id='word_1_238' title='bbox 644 3661 792 3716; x_wconf 69' lang='lat' dir='ltr'>&#39;nam</span> <span class='ocrx_word' id='word_1_239' title='bbox 840 3651 1380 3735; x_wconf 88' lang='lat' dir='ltr'>comprehendas,</span> <span class='ocrx_word' id='word_1_240' title='bbox 1443 3671 1721 3736; x_wconf 89' lang='lat' dir='ltr'>quaeso,</span> <span class='ocrx_word' id='word_1_241' title='bbox 1786 3653 1997 3719; x_wconf 89' lang='lat' dir='ltr'>animo</span> <span class='ocrx_word' id='word_1_242' title='bbox 2045 3658 2113 3718; x_wconf 88' lang='lat' dir='ltr'>et</span> <span class='ocrx_word' id='word_1_243' title='bbox 2156 3669 2479 3735; x_wconf 89' lang='lat' dir='ltr'>proponas</span> <span class='ocrx_word' id='word_1_244' title='bbox 2527 3657 2678 3717; x_wconf 89' lang='lat' dir='ltr'>ante</span> <span class='ocrx_word' id='word_1_245' title='bbox 2724 3649 2943 3718; x_wconf 91' lang='lat' dir='ltr'>oculos</span> 
     </span>
     <span class='ocr_line' id='line_1_30' title="bbox 643 3757 3031 3842; baseline -0 -19"><span class='ocrx_word' id='word_1_246' title='bbox 643 3757 830 3824; x_wconf 87' lang='lat' dir='ltr'>deum</span> <span class='ocrx_word' id='word_1_247' title='bbox 871 3759 1029 3824; x_wconf 88' lang='lat' dir='ltr'>nihil</span> <span class='ocrx_word' id='word_1_248' title='bbox 1076 3759 1248 3825; x_wconf 90' lang='lat' dir='ltr'>aliud</span> <span class='ocrx_word' id='word_1_249' title='bbox 1294 3759 1358 3824; x_wconf 91' lang='lat' dir='ltr'>in</span> <span class='ocrx_word' id='word_1_250' title='bbox 1405 3761 1574 3826; x_wconf 91' lang='lat' dir='ltr'>omni</span> <span class='ocrx_word' id='word_1_251' title='bbox 1622 3761 2015 3828; x_wconf 86' lang='lat' dir='ltr'>aeternitate</span> <span class='ocrx_word' id='word_1_252' title='bbox 2061 3761 2188 3826; x_wconf 92' lang='lat' dir='ltr'>nisi</span> <span class='ocrx_word' id='word_1_253' title='bbox 2234 3760 2432 3825; x_wconf 74' lang='lat' dir='ltr'>»Mihi</span> <span class='ocrx_word' id='word_1_254' title='bbox 2479 3759 2747 3842; x_wconf 89' lang='lat' dir='ltr'>pulchre</span> <span class='ocrx_word' id='word_1_255' title='bbox 2797 3763 2936 3824; x_wconf 76' lang='lat' dir='ltr'>est«</span> <span class='ocrx_word' id='word_1_256' title='bbox 3025 3809 3031 3814; x_wconf 88' lang='grc'><strong>.</strong></span> 
     </span>
     <span class='ocr_line' id='line_1_31' title="bbox 657 3866 2944 3956; baseline -0.001 -22"><span class='ocrx_word' id='word_1_257' title='bbox 657 3873 723 3934; x_wconf 92' lang='grc'>61</span> <span class='ocrx_word' id='word_1_258' title='bbox 756 3868 931 3950; x_wconf 73' lang='lat' dir='ltr'>»Ego</span> <span class='ocrx_word' id='word_1_259' title='bbox 965 3867 1196 3935; x_wconf 88' lang='lat' dir='ltr'>beatus</span> <span class='ocrx_word' id='word_1_260' title='bbox 1229 3888 1407 3934; x_wconf 76' lang='lat' dir='ltr'>sum«</span> <span class='ocrx_word' id='word_1_261' title='bbox 1461 3871 1878 3956; x_wconf 87' lang='lat' dir='ltr'>cogitantem.</span> <span class='ocrx_word' id='word_1_262' title='bbox 1958 3871 2048 3935; x_wconf 91' lang='lat' dir='ltr'>Ac</span> <span class='ocrx_word' id='word_1_263' title='bbox 2091 3888 2169 3935; x_wconf 88' lang='lat' dir='ltr'>ne</span> <span class='ocrx_word' id='word_1_264' title='bbox 2215 3870 2328 3934; x_wconf 91' lang='lat' dir='ltr'>illa</span> <span class='ocrx_word' id='word_1_265' title='bbox 2376 3868 2616 3935; x_wconf 90' lang='lat' dir='ltr'>doloris</span> <span class='ocrx_word' id='word_1_266' title='bbox 2651 3866 2944 3933; x_wconf 85' lang='lat' dir='ltr'>vacuitas</span> 
     </span>
     <span class='ocr_line' id='line_1_32' title="bbox 652 3975 2946 4060; baseline -0.001 -17"><span class='ocrx_word' id='word_1_267' title='bbox 652 3977 907 4058; x_wconf 90' lang='lat' dir='ltr'>quidem</span> <span class='ocrx_word' id='word_1_268' title='bbox 942 3977 1346 4043; x_wconf 87' lang='lat' dir='ltr'>dubitatione</span> <span class='ocrx_word' id='word_1_269' title='bbox 1382 3982 1590 4060; x_wconf 87' lang='lat' dir='ltr'>vacat,</span> <span class='ocrx_word' id='word_1_270' title='bbox 1637 3997 1787 4043; x_wconf 89' lang='lat' dir='ltr'>nam</span> <span class='ocrx_word' id='word_1_271' title='bbox 1835 3997 2002 4057; x_wconf 91' lang='lat' dir='ltr'>eum,</span> <span class='ocrx_word' id='word_1_272' title='bbox 2049 3979 2155 4060; x_wconf 90' lang='lat' dir='ltr'>qui</span> <span class='ocrx_word' id='word_1_273' title='bbox 2201 3975 2495 4059; x_wconf 86' lang='lat' dir='ltr'>pulsetur</span> <span class='ocrx_word' id='word_1_274' title='bbox 2537 3975 2946 4058; x_wconf 86' lang='lat' dir='ltr'>agiteturque</span> 
     </span>
     <span class='ocr_line' id='line_1_33' title="bbox 648 4085 2950 4167; baseline -0.002 -16"><span class='ocrx_word' id='word_1_275' title='bbox 648 4087 1044 4166; x_wconf 88' lang='lat' dir='ltr'>sempiterna</span> <span class='ocrx_word' id='word_1_276' title='bbox 1091 4092 1450 4151; x_wconf 86' lang='lat' dir='ltr'>atomorum</span> <span class='ocrx_word' id='word_1_277' title='bbox 1494 4086 1880 4165; x_wconf 89' lang='lat' dir='ltr'>incursione,</span> <span class='ocrx_word' id='word_1_278' title='bbox 1929 4093 1997 4151; x_wconf 89' lang='lat' dir='ltr'>et</span> <span class='ocrx_word' id='word_1_279' title='bbox 2041 4106 2118 4151; x_wconf 84' lang='lat' dir='ltr'>ex</span> <span class='ocrx_word' id='word_1_280' title='bbox 2164 4106 2286 4167; x_wconf 92' lang='lat' dir='ltr'>quo</span> <span class='ocrx_word' id='word_1_281' title='bbox 2333 4085 2645 4166; x_wconf 84' lang='lat' dir='ltr'>imagines</span> <span class='ocrx_word' id='word_1_282' title='bbox 2691 4101 2950 4164; x_wconf 86' lang='lat' dir='ltr'>semper</span> 
     </span>
     <span class='ocr_line' id='line_1_34' title="bbox 647 4191 2950 4286; baseline -0.002 -27"><span class='ocrx_word' id='word_1_283' title='bbox 647 4191 921 4286; x_wconf 82' lang='lat' dir='ltr'>afluant,</span> <span class='ocrx_word' id='word_1_284' title='bbox 991 4194 1200 4260; x_wconf 87' lang='lat' dir='ltr'>vereri</span> <span class='ocrx_word' id='word_1_285' title='bbox 1248 4213 1407 4277; x_wconf 90' lang='lat' dir='ltr'>opus</span> <span class='ocrx_word' id='word_1_286' title='bbox 1456 4201 1590 4274; x_wconf 87' lang='lat' dir='ltr'>est,</span> <span class='ocrx_word' id='word_1_287' title='bbox 1659 4214 1739 4260; x_wconf 91' lang='lat' dir='ltr'>ne</span> <span class='ocrx_word' id='word_1_288' title='bbox 1783 4195 2100 4274; x_wconf 89' lang='lat' dir='ltr'>intereat;</span> <span class='ocrx_word' id='word_1_289' title='bbox 2170 4194 2277 4276; x_wconf 93' lang='lat' dir='ltr'>qui</span> <span class='ocrx_word' id='word_1_290' title='bbox 2338 4199 2557 4260; x_wconf 87' lang='lat' dir='ltr'>autem</span> <span class='ocrx_word' id='word_1_291' title='bbox 2601 4192 2670 4258; x_wconf 91' lang='lat' dir='ltr'>in</span> <span class='ocrx_word' id='word_1_292' title='bbox 2716 4191 2950 4256; x_wconf 89' lang='lat' dir='ltr'>timore</span> 
     </span>
     <span class='ocr_line' id='line_1_35' title="bbox 648 4299 2948 4386; baseline -0.001 -19"><span class='ocrx_word' id='word_1_293' title='bbox 648 4308 962 4381; x_wconf 88' lang='lat' dir='ltr'>versatur,</span> <span class='ocrx_word' id='word_1_294' title='bbox 1010 4303 1228 4369; x_wconf 88' lang='lat' dir='ltr'>dolore</span> <span class='ocrx_word' id='word_1_295' title='bbox 1276 4323 1399 4369; x_wconf 90' lang='lat' dir='ltr'>non</span> <span class='ocrx_word' id='word_1_296' title='bbox 1448 4309 1655 4370; x_wconf 89' lang='lat' dir='ltr'>vacat.</span> <span class='ocrx_word' id='word_1_297' title='bbox 1747 4304 1996 4386; x_wconf 88' lang='lat' dir='ltr'>Itaque,</span> <span class='ocrx_word' id='word_1_298' title='bbox 2048 4308 2118 4367; x_wconf 92' lang='lat' dir='ltr'>ut</span> <span class='ocrx_word' id='word_1_299' title='bbox 2165 4304 2294 4368; x_wconf 88' lang='lat' dir='ltr'>iam</span> <span class='ocrx_word' id='word_1_300' title='bbox 2338 4307 2674 4368; x_wconf 90' lang='lat' dir='ltr'>aeternum</span> <span class='ocrx_word' id='word_1_301' title='bbox 2711 4299 2948 4381; x_wconf 89' lang='lat' dir='ltr'>Epicu·</span> 
     </span>
     <span class='ocr_line' id='line_1_36' title="bbox 648 4406 2953 4497; baseline -0.002 -20"><span class='ocrx_word' id='word_1_302' title='bbox 648 4430 906 4478; x_wconf 88' lang='lat' dir='ltr'>reorum</span> <span class='ocrx_word' id='word_1_303' title='bbox 965 4411 1157 4478; x_wconf 90' lang='lat' dir='ltr'>deum</span> <span class='ocrx_word' id='word_1_304' title='bbox 1214 4431 1338 4480; x_wconf 89' lang='lat' dir='ltr'>non</span> <span class='ocrx_word' id='word_1_305' title='bbox 1396 4431 1540 4480; x_wconf 89' lang='lat' dir='ltr'>esse</span> <span class='ocrx_word' id='word_1_306' title='bbox 1597 4431 1793 4494; x_wconf 89' lang='lat' dir='ltr'>supra</span> <span class='ocrx_word' id='word_1_307' title='bbox 1861 4412 1928 4497; x_wconf 66' lang='grc' dir='ltr'>(ξ</span> <span class='ocrx_word' id='word_1_308' title='bbox 1981 4413 2133 4495; x_wconf 87' lang='lat'>110)</span> <span class='ocrx_word' id='word_1_309' title='bbox 2179 4409 2795 4492; x_wconf 89' lang='lat' dir='ltr'>demonstravimus,</span> <span class='ocrx_word' id='word_1_310' title='bbox 2856 4406 2953 4473; x_wconf 89' lang='lat' dir='ltr'>ita</span> 
     </span>
     <span class='ocr_line' id='line_1_37' title="bbox 644 4518 1484 4604; baseline 0.004 -20"><span class='ocrx_word' id='word_1_311' title='bbox 644 4538 724 4585; x_wconf 87' lang='lat' dir='ltr'>ne</span> <span class='ocrx_word' id='word_1_312' title='bbox 771 4518 1003 4588; x_wconf 88' lang='lat' dir='ltr'>beatus</span> <span class='ocrx_word' id='word_1_313' title='bbox 1049 4522 1307 4604; x_wconf 89' lang='lat' dir='ltr'>quidem</span> <span class='ocrx_word' id='word_1_314' title='bbox 1354 4527 1484 4589; x_wconf 89' lang='lat' dir='ltr'>est.</span> 
     </span>
    </p>

    <p class='ocr_par' dir='ltr' id='par_1_7' title="bbox 822 4626 2944 4715">
     <span class='ocr_line' id='line_1_38' title="bbox 822 4626 2944 4715; baseline -0 -19"><span class='ocrx_word' id='word_1_315' title='bbox 822 4630 962 4699; x_wconf 91' lang='lat' dir='ltr'>Hoc</span> <span class='ocrx_word' id='word_1_316' title='bbox 1029 4632 1216 4699; x_wconf 91' lang='lat' dir='ltr'>modo</span> <span class='ocrx_word' id='word_1_317' title='bbox 1288 4632 1430 4715; x_wconf 87' lang='lat' dir='ltr'>ipse</span> <span class='ocrx_word' id='word_1_318' title='bbox 1493 4651 1638 4700; x_wconf 91' lang='lat' dir='ltr'>cum</span> <span class='ocrx_word' id='word_1_319' title='bbox 1685 4631 2126 4699; x_wconf 88' lang='lat' dir='ltr'>Schoemanno</span> <span class='ocrx_word' id='word_1_320' title='bbox 2174 4635 2243 4697; x_wconf 90' lang='lat' dir='ltr'>et</span> <span class='ocrx_word' id='word_1_321' title='bbox 2288 4630 2358 4697; x_wconf 83' lang='lat' dir='ltr'>C.</span> <span class='ocrx_word' id='word_1_322' title='bbox 2408 4629 2479 4696; x_wconf 89' lang='lat' dir='ltr'>F.</span> <span class='ocrx_word' id='word_1_323' title='bbox 2526 4627 2626 4696; x_wconf 91' lang='lat' dir='ltr'>W.</span> <span class='ocrx_word' id='word_1_324' title='bbox 2667 4626 2944 4695; x_wconf 80' lang='lat' dir='ltr'>Milllero</span> 
     </span>
    </p>
   </div>
  </div>
 </body>
</html>
