3408 5300
1749 394 1842 457 026

654 567 839 632 dum«
907 573 974 633 et
1025 560 1580 653 »agnoscendum«
1639 570 1812 636 ratio
1858 569 2455 649 intercedat,'iam·
2520 572 2951 660 quaerendum

646 682 779 755 est,
848 677 1166 758 quomodo
1214 697 1284 743 se
1332 679 1616 744 habeant
1661 677 2070 746 substantiva
2118 681 2575 765 »cognitionis«
2623 686 2689 746 et
2733 681 2948 763 »agni-

648 783 894 862 tionis«,
944 789 1140 865 atque
1188 787 1712 869 dicendum'est,
1781 787 2243 869 »agnitionem«
2290 788 2457 872 apud
2502 790 2744 856 nullum
2791 792 2949 856 scri-

643 902 896 977 ptorem
955 894 1228 961 inveniri
1287 901 1445 960 ante
1509 893 1787 959 Plinium
1850 895 1956 980 (N.
1989 895 2068 960 H.
2113 896 2173 960 X
2207 897 2421 981 90194)
2486 904 2553 964 et
2614 898 2949 976 Quintilia-

650 1023 798 1070 num
847 1005 909 1088 (1
962 1006 1125 1087 124).
1216 1004 1441 1087 Neque
1488 1010 1704 1070 tamen
1752 1002 1833 1069 ob
1880 1005 2044 1070 hanc
2087 1023 2222 1070 rem
2269 1024 2388 1071 nec
2431 1007 2602 1086 ideo,
2651 1007 2817 1089 quod
2868 1027 2948 1073 ne

646 1114 714 1178 in
762 1112 1291 1195 inscriptionibus
1338 1113 1616 1195 quidem,
1665 1113 1832 1194 quod
1869 1116 2088 1196 sciam,
2138 1119 2290 1179 ante
2334 1114 2515 1191 illud,
2566 1116 2733 1196 quod
2783 1135 2949 1182 com-

651 1224 1161 1300 memoravimus,
1208 1229 1463 1304 tempus
1508 1222 1769 1306 legitur,
1819 1221 2209 1288 credendum
2254 1230 2356 1289 est
2385 1225 2505 1289 hoc
2551 1243 2779 1289 nomen
2826 1245 2949 1290 non

653 1333 871 1398 fuisse.
963 1333 1162 1397 Immo
1225 1331 1425 1396 fuisse
1473 1330 2004 1396 verisimillimum
2050 1336 2182 1410 est,
2253 1331 2367 1397 sed
2414 1351 2538 1399 non
2583 1332 2707 1397 nisi
2756 1352 2949 1399 sensu

647 1442 943 1521 iuridico,
990 1449 1064 1507 ut
1100 1437 1403 1504 dicebant
1434 1438 1726 1503 homines
1773 1439 1930 1503 iuris
1964 1439 2238 1505 consulti
2271 1439 2352 1504 de
2396 1440 2763 1524 »agnitione
2809 1438 2944 1522 filii,

651 1549 884 1633 debiti,
932 1552 1065 1615 aL«.
1173 1549 1268 1612 Eo
1330 1548 1581 1613 demum
1630 1551 1957 1630 tempore,
2024 1567 2149 1629 quo
2216 1547 2482 1615 verbum
2528 1554 2946 1629 »agnoscere«

646 1660 1034 1741 peculiarem
1102 1659 1424 1723 notionem
1473 1655 1726 1736 amisit,
1791 1661 1863 1721 ut
1908 1676 1947 1722 a
1993 1657 2507 1742 »cognoscendo«
2552 1659 2657 1722 vix
2702 1658 2944 1725 discet.-

644 1772 939 1845 noratur,
1017 1767 1214 1831 etiam
1263 1763 1735 1830 substantivum
1787 1764 2210 1850 »agnitionis«
2273 1767 2535 1848 saepius
2584 1770 2651 1830 et
2698 1765 2942 1832 eisdem

645 1894 721 1940 ac
764 1873 1055 1940 verbum·
1103 1871 1468 1938 notionibus
1533 1879 1902 1955 usurpatur.
2010 1874 2221 1940 Antea
2282 1874 2377 1940 eis
2424 1876 2717 1945 omnibus
2761 1876 2941 1962 locis',

645 1981 876 2065 quibus
918 2000 1340 2064 »agnoscere«
1386 1981 1722 2062 aptissime
1770 1981 1896 2046 dici
1928 1982 2159 2064 potuit,
2210 1983 2265 2047 si
2312 1981 2782 2051 substantivum
2828 2006 2941 2069 po-

645 2092 839 2156 situm
874 2096 993 2173 est,
1041 2109 1163 2156 non
1205 2091 1523 2174 »agnitio«
1558 2090 1672 2156 sed
1721 2091 2068 2172 »cognitio«
2116 2097 2235 2157 est.
2306 2092 2527 2158 Veluti
2574 2077 2942 2176 h'cvocyvdvpv-

641 2215 747 2275 σις
789 2199 904 2264 illa
935 2199 1038 2264 vel
1086 2196 1594 2283 ἀναγνωρισμὸς
1640 2198 1751 2264 ille
1782 2199 1849 2263 in
1881 2198 2119 2265 fabulis
2165 2201 2512 2282 »cognitio«
2555 2219 2683 2266 non
2725 2203 2940 2282 »agni-

640 2309 765 2375 tio«
827 2308 1100 2386 dicitur;
1166 2307 1247 2372 cf.
1309 2308 1454 2373 Ter.
1500 2308 1658 2373 Hec.
1712 2313 1831 2374 831
1901 2308 1982 2390 (V
2032 2311 2187 2387 333),
2260 2310 2573 2376 ‚Bacchis
2633 2310 2942 2375 meretrix

643 2422 912 2482 narrat:

646 2559 892 2642 »Rogat
935 2560 1103 2627 unde
1155 2563 1274 2628 sit:
1323 2580 1517 2627 narro
1566 2563 1779 2627 omnia
1828 2561 2022 2627 haec:
2069 2562 2221 2628 inde
2270 2569 2371 2629 est
2418 2565 2698 2646 cognitio
2748 2566 2942 2654 facta,

639 2670 1089 2737 Philumenam
1124 2692 1557 2755 compressam
1587 2691 1729 2737 esse
1756 2671 1837 2737 ab
1866 2692 1939 2738 eo
1979 2679 2046 2738 et
2076 2672 2276 2739 filium
2302 2675 2450 2740 inde
2478 2676 2643 2742 hunc
2670 2684 2940 2744 natum«

645 2813 805 2885 Eun.
856 2824 973 2885 921
1029 2819 1110 2905 (V
1163 2818 1301 2904 312)
1347 2820 1617 2904 Pythius
1664 2808 1870 2884 dicitz‘

954 2949 1100 3015 »Ibo
1146 2950 1337 3029 intra,
1387 2949 1466 3013 de
1515 2949 1880 3033 cognitione
1926 2955 1999 3014 ut
2045 2954 2292 3026 certum
2342 2950 2598 3033 sciam«

644 3086 858 3151 Etiam
907 3086 1139 3171 Hygin.
1189 3086 1318 3151 fab.
1375 3090 1530 3149 122:
1580 3087 1983 3170 »cognitione
2030 3085 2282 3151 Orestis
2329 3086 2566 3151 facta«

823 3195 919 3259 Ex
942 3195 1248 3260 Cicerone
1281 3195 1421 3275 ipso
1455 3196 1573 3259 hos
1604 3195 1779 3260 locos
1825 3193 2154 3260 conferas:
2201 3192 2305 3258 De
2332 3199 2465 3258 nat.
2499 3194 2672 3260 deor.
2698 3195 2761 3260 II
2789 3203 2941 3277 1593

593 3296 605 3312 '
648 3302 723 3367 de
765 3303 889 3367 div.
936 3302 1000 3366 11
1040 3307 1193 3380 1493
1256 3301 1410 3366 Luc,
1459 3306 1576 3381 263
1628 3309 1742 3382 543
1794 3308 1913 3382 583
1966 3307 2105 3380 110,
2153 3300 2261 3367 ubi
2305 3308 2527 3367 »nota«
2571 3304 2705 3386 illa,
2751 3322 2939 3386 quam

649 3412 937 3478 Schoem.
987 3410 1070 3475 ad
1116 3412 1578 3494 »agnitionem«
1625 3410 1749 3475 sibi
1796 3412 2116 3493 postulat,
2173 3410 2626 3491 »cognitionis«
2671 3412 2937 3492 dicitur3

641 3522 913 3586 maxime
962 3525 1217 3585 autem:
1265 3520 1340 3584 de
1365 3520 1477 3601 fin.
1512 3520 1709 3584 V44:
1762 3518 1984 3584 »Iubet
2030 3520 2228 3600 igitur
2273 3537 2390 3583 nos
2414 3518 2685 3600 Pythius
2710 3519 2939 3599 Apollo

642 3647 910 3695 noscere
958 3633 1207 3693 nosmet
1269 3628 1488 3709 ipsos3
1557 3628 1839 3712 cognitio
1907 3634 2140 3692 autem1
2188 3627 2348 3691 haec
2397 3632 2499 3688 est
2542 3643 2669 3689 una
2714 3625 2939 3707 nostri,

642 3743 716 3802 ut
761 3738 889 3803 vim
937 3736 1223 3818 corporis
1270 3736 1590 3818 animique
1638 3735 1921 3799 norimus
1970 3752 2023 3797 e.
2058 3752 2117 3813 q.
2150 3750 2252 3796 s«.

823 3827 1082 3910 Tusa]
1129 3852 1248 3909 71:
1319 3844 1427 3907 »In
1487 3843 1681 3908 animi
1747 3847 1962 3908 autem
2024 3841 2388 3923 cognitione
2453 3837 2754 3905 dubitare
2812 3849 2935 3905 non

639 3973 1013 4035 possumus,
1077 3954 1203 4018 nisi
1248 3953 1439 4034 plane
1497 3952 1562 4016 in
1609 3951 1892 4034 physicis
1938 3948 2219 4032 plumbei
2268 3967 2520 4031 sumuS‚
2584 3948 2732 4031 quin
2780 3948 2938 4013 nihil

647 4060 734 4127 sit
781 4062 1010 4127 animis
1057 4060 1434 4140 admixtum,
1483 4060 1639 4125 nihil
1688 4064 2089 4136 concretum,
2138 4059 2297 4124 nihil
2343 4057 2733 4139 copulatum,
2781 4056 2938 4121 nihil

647 4174 1186 4251 coagmentatum,
1234 4169 1393 4234 nihil
1440 4168 1728 4250 duplex.«

817 4278 893 4343 de
932 4280 1045 4359 fin.
1089 4277 1182 4343 IV
1231 4281 1349 4342 36:
1398 4276 1638 4353 »Quam
1684 4274 1765 4341 ob
1812 4294 1947 4342 rem
1994 4275 2253 4357 utrique
2297 4274 2469 4340 idem
2516 4272 2795 4353 faciunt,
2841 4279 2935 4354 ut,

642 4388 698 4453 si
743 4387 996 4454 laevam
1026 4393 1280 4468 partem
1311 4386 1753 4470 neglegerent,
1802 4386 2134 4452 dexteram
2167 4389 2532 4463 tuerentur,
2576 4387 2691 4448 aut
2732 4381 2937 4463 ipsius

647 4495 861 4569 animi,
908 4500 982 4560 ut
1028 4494 1185 4560 fecit
1234 4494 1498 4574 ErilluS,
1549 4495 1983 4580 cognitionem
2029 4494 2568 4578 amplexarentur,
2616 4489 2936 4558 actionem

648 4603 1139 4690 relinquerent«
2501 4613 2502 4618 ’
2644 4611 2648 4616 ·
